
@incollection{corefinement,
author = {S{\'e}bastien Loriot and Mael Rouxel-Labb{\'e} and Jane Tournois and Ilker O. Yaz},
title = {Polygon Mesh Processing},
publisher = {{CGAL Editorial Board}},
edition = {{5.0.3}},
booktitle = {{CGAL} User and Reference Manual},
url = {https://doc.cgal.org/5.0.3/Manual/packages.html#PkgPolygonMeshProcessing},
year = 2020
}

@article{Aigerman:2014,
  author     = {Aigerman, Noam and Poranne, Roi and Lipman, Yaron},
  title      = {Lifted Bijections for Low Distortion Surface Mappings},
  year       = {2014},
  issue_date = {July 2014},
  publisher  = {Association for Computing Machinery},
  address    = {New York, NY, USA},
  volume     = {33},
  number     = {4},
  issn       = {0730-0301},
  url        = {https://doi.org/10.1145/2601097.2601158},
  doi        = {10.1145/2601097.2601158},
  journal    = {ACM Trans. Graph.},
  month      = jul,
  articleno  = {Article 69},
  numpages   = {12},
  keywords   = {surface mesh, isometeric distortion, bijective simplicial mappings}
}

@article{Aigerman:2015,
  author     = {Aigerman, Noam and Lipman, Yaron},
  title      = {Orbifold Tutte Embeddings},
  year       = {2015},
  issue_date = {November 2015},
  publisher  = {Association for Computing Machinery},
  address    = {New York, NY, USA},
  volume     = {34},
  number     = {6},
  issn       = {0730-0301},
  url        = {https://doi.org/10.1145/2816795.2818099},
  doi        = {10.1145/2816795.2818099},
  journal    = {ACM Trans. Graph.},
  month      = oct,
  articleno  = {Article 190},
  numpages   = {12},
  keywords   = {tutte embedding, injective parameterization, convex combination map, discrete harmonic, conformal maps}
}

@article{Aigerman:2015b,
  author     = {Aigerman, Noam and Poranne, Roi and Lipman, Yaron},
  title      = {Seamless Surface Mappings},
  year       = {2015},
  issue_date = {July 2015},
  publisher  = {Association for Computing Machinery},
  address    = {New York, NY, USA},
  volume     = {34},
  number     = {4},
  journal    = {ACM Trans. Graph.},
  month      = jul,
  articleno  = {Article 72},
  numpages   = {13},
  keywords   = {conformal distortion, seamless, surface mesh, bijective simplicial mappings}
}

@article{Aigerman:2016,
  author     = {Aigerman, Noam and Lipman, Yaron},
  title      = {Hyperbolic Orbifold Tutte Embeddings},
  year       = {2016},
  issue_date = {November 2016},
  publisher  = {Association for Computing Machinery},
  address    = {New York, NY, USA},
  volume     = {35},
  number     = {6},
  issn       = {0730-0301},
  url        = {https://doi.org/10.1145/2980179.2982412},
  doi        = {10.1145/2980179.2982412},
  journal    = {ACM Trans. Graph.},
  month      = nov,
  articleno  = {Article 217},
  numpages   = {14},
  keywords   = {hyperbolic, tutte embedding, discrete harmonic, orbifold, injective parameterization, surface mapping}
}

@article{Aigerman:2017,
  author     = {Aigerman, Noam and Kovalsky, Shahar Z. and Lipman, Yaron},
  title      = {Spherical Orbifold Tutte Embeddings},
  year       = {2017},
  issue_date = {July 2017},
  publisher  = {Association for Computing Machinery},
  address    = {New York, NY, USA},
  volume     = {36},
  number     = {4},
  issn       = {0730-0301},
  url        = {https://doi.org/10.1145/3072959.3073615},
  doi        = {10.1145/3072959.3073615},
  journal    = {ACM Trans. Graph.},
  month      = jul,
  articleno  = {Article 90},
  numpages   = {13},
  keywords   = {orbifolds, spherical parameterization, tutte’s embedding}
}

@article{aubry2015most,
  title     = {On the ‘most normal’normal—Part 2},
  author    = {Aubry, R and Mestreau, EL and Dey, S and Karamete, BK and Gayman, D},
  journal   = {Finite Elements in Analysis and Design},
  volume    = {97},
  pages     = {54--63},
  year      = {2015},
  publisher = {Elsevier}
}

@article{aubry2017boundary,
  title     = {Boundary layer mesh generation on arbitrary geometries},
  author    = {Aubry, R and Dey, S and Mestreau, EL and Karamete, BK},
  journal   = {International Journal for Numerical Methods in Engineering},
  volume    = {112},
  number    = {2},
  pages     = {157--173},
  year      = {2017},
  publisher = {Wiley Online Library}
}

@article{bank1983some,
  title     = {Some refinement algorithms and data structures for regular local mesh refinement},
  author    = {Bank, Randolph E and Sherman, Andrew H and Weiser, Alan},
  journal   = {Scientific Computing, Applications of Mathematics and Computing to the Physical Sciences},
  volume    = {1},
  pages     = {3--17},
  year      = {1983},
  publisher = {by R. Stepleman et al. IMACS. North-Holland}
}

@manual{blender,
  title        = {Blender - a 3D modelling and rendering package},
  author       = {Blender Online Community},
  organization = {Blender Foundation},
  address      = {Stichting Blender Foundation, Amsterdam},
  year         = {2018},
  url          = {http://www.blender.org}
}

@inproceedings{boubekeur2008phong,
  title        = {Phong tessellation},
  author       = {Boubekeur, Tamy and Alexa, Marc},
  booktitle    = {ACM Transactions on Graphics (TOG)},
  volume       = {27},
  number       = {5},
  pages        = {141},
  year         = {2008},
  organization = {ACM}
}

@book{brenner2007mathematical,
  title     = {The mathematical theory of finite element methods},
  author    = {Brenner, Susanne and Scott, Ridgway},
  volume    = {15},
  year      = {2007},
  publisher = {Springer Science \& Business Media}
}

@article{Calderon:2017,
  author     = {Calderon, St\'{e}phane and Boubekeur, Tamy},
  title      = {Bounding Proxies for Shape Approximation},
  year       = {2017},
  issue_date = {July 2017},
  publisher  = {Association for Computing Machinery},
  address    = {New York, NY, USA},
  volume     = {36},
  number     = {4},
  issn       = {0730-0301},
  url        = {https://doi.org/10.1145/3072959.3073714},
  doi        = {10.1145/3072959.3073714},
  journal    = {ACM Trans. Graph.},
  month      = jul,
  articleno  = {Article 57},
  numpages   = {13},
  keywords   = {proxy, geometric simplification, shape approximation, bounding volumes, mathematical morphology}
}

@article{Campen:2016,
  author     = {Campen, Marcel and Silva, Cl\'{a}udio T. and Zorin, Denis},
  title      = {Bijective Maps from Simplicial Foliations},
  journal    = {ACM Trans. Graph.},
  issue_date = {July 2016},
  volume     = {35},
  number     = {4},
  month      = jul,
  year       = {2016},
  pages      = {74:1--74:15},
  articleno  = {74},
  numpages   = {15},
  publisher  = {ACM},
  address    = {New York, NY, USA}
}

@book{cgal2008computational
, title        = "{CGAL} User and Reference Manual"
, author      = "{The CGAL Project}"
, publisher     = "{CGAL Editorial Board}"
, edition     = "{5.0.3}"
, year         = 2020
, url =    "https://doc.cgal.org/5.0.3/Manual/packages.html"
}

@article{chazal2005condition,
  title     = {A condition for isotopic approximation},
  author    = {Chazal, Fr{\'e}d{\'e}ric and Cohen-Steiner, David},
  journal   = {Graphical Models},
  volume    = {67},
  number    = {5},
  pages     = {390--404},
  year      = {2005},
  publisher = {Elsevier}
}

@article{chazal2010ball,
title={Ball-map: Homeomorphism between compatible surfaces},
author={Chazal, Fr{\'e}d{\'e}ric and Lieutier, Andr{\'e} and Rossignac, Jarek and Whited, Brian},
journal={International Journal of Computational Geometry \& Applications},
volume={20},
number={03},
pages={285--306},
year={2010},
publisher={World Scientific}
}

@inproceedings{chen2004shell,
  title        = {Shell texture functions},
  author       = {Chen, Yanyun and Tong, Xin and Wang, Jiaping and Wang, Jiaping and Lin, Stephen and Guo, Baining and Shum, Heung-Yeung and Shum, Heung-Yeung},
  booktitle    = {ACM Transactions on Graphics (TOG)},
  volume       = {23},
  number       = {3},
  pages        = {343--353},
  year         = {2004},
  organization = {ACM}
}

@article{Cheng2019,
  title    = {Practical error-bounded remeshing by adaptive refinement},
  journal  = {Computers \& Graphics},
  volume   = {82},
  pages    = {163 - 173},
  year     = {2019},
  issn     = {0097-8493},
  doi      = {https://doi.org/10.1016/j.cag.2019.05.019},
  url      = {http://www.sciencedirect.com/science/article/pii/S0097849319300809},
  author   = {Xiao-Xiang Cheng and Xiao-Ming Fu and Chi Zhang and Shuangming Chai},
  keywords = {Remeshing, Error-bounded, Adaptive refinement}
}

@inproceedings{cohen1996simplification,
  title     = {Simplification envelopes},
  author    = {Cohen, Jonathan and Varshney, Amitabh and Manocha, Dinesh and Turk, Greg and Weber, Hans and Agarwal, Pankaj and Brooks, Frederick and Wright, William},
  booktitle = {Siggraph},
  volume    = {96},
  pages     = {119--128},
  year      = {1996}
}

@inproceedings{cohen1997simplifying,
  title        = {Simplifying polygonal models using successive mappings},
  author       = {Cohen, Jonathan and Manocha, Dinesh and Olano, Marc},
  booktitle    = {Proceedings. Visualization'97 (Cat. No. 97CB36155)},
  pages        = {395--402},
  year         = {1997},
  organization = {IEEE}
}

@book{conway2016symmetries,
  title     = {The symmetries of things},
  author    = {Conway, John H and Burgiel, Heidi and Goodman-Strauss, Chaim},
  year      = {2016},
  publisher = {CRC Press}
}
 
 @book{coxeter1973regular,
  title     = {Regular polytopes},
  author    = {Coxeter, Harold Scott Macdonald},
  year      = {1973},
  publisher = {Courier Corporation}
}

@article{dey1999topology,
  title   = {Topology preserving edge contraction},
  author  = {Dey, Tamal K and Edelsbrunner, Herbert and Guha, Sumanta and Nekhayev, Dmitry V},
  journal = {Publ. Inst. Math.(Beograd)(NS)},
  volume  = {66},
  number  = {80},
  pages   = {23--45},
  year    = {1999}
}

@article{dompierre1999subdivide,
  title   = {How to Subdivide Pyramids, Prisms, and Hexahedra into Tetrahedra.},
  author  = {Dompierre, Julien and Labb{\'e}, Paul and Vallet, Marie-Gabrielle and Camarero, Ricardo},
  journal = {IMR},
  volume  = {99},
  pages   = {195},
  year    = {1999}
}

@inproceedings{dunyach2013adaptive,
  title  = {Adaptive remeshing for real-time mesh deformation},
  author = {Dunyach, Marion and Vanderhaeghe, David and Barthe, Lo{\"\i}c and Botsch, Mario},
  year   = {2013}
}

@article{ebke2014level,
  title     = {Level-of-detail quad meshing},
  author    = {Ebke, Hans-Christian and Campen, Marcel and Bommes, David and Kobbelt, Leif},
  journal   = {ACM Transactions on Graphics (TOG)},
  volume    = {33},
  number    = {6},
  pages     = {184},
  year      = {2014},
  publisher = {ACM}
}

@article{ebke2016interactively,
title={Interactively controlled quad remeshing of high resolution 3D models},
author={Ebke, Hans-Christian and Schmidt, Patrick and Campen, Marcel and Kobbelt, Leif},
journal={ACM Transactions on Graphics (TOG)},
volume={35},
number={6},
pages={1--13},
year={2016},
publisher={ACM New York, NY, USA}
}

@misc{eigenweb,
  author = {Ga{\"e}l Guennebaud and Beno{\^i}t Jacob and others},
  title  = {Eigen v3},
  year   = {2010}
}

@article{Ezuz:2019,
  author     = {Ezuz, Danielle and Solomon, Justin and Ben-Chen, Mirela},
  title      = {Reversible Harmonic Maps between Discrete Surfaces},
  year       = {2019},
  issue_date = {April 2019},
  publisher  = {Association for Computing Machinery},
  address    = {New York, NY, USA},
  volume     = {38},
  number     = {2},
  issn       = {0730-0301},
  url        = {https://doi.org/10.1145/3202660},
  doi        = {10.1145/3202660},
  journal    = {ACM Trans. Graph.},
  month      = mar,
  articleno  = {Article 15},
  numpages   = {12},
  keywords   = {harmonic maps, Shape analysis, shape correspondence, shape matching}
}

@article{Floater:97,
  author  = {Michael S. Floater},
  title   = {Parametrization and smooth approximation of surface triangulations},
  journal = {Computer Aided Geometric Design},
  year    = {1997},
  volume  = {14},
  pages   = {231--250}
}

@inproceedings{FloaterSurvey:2005,
  author    = {Michael S. Floater and Kai Hormann},
  title     = {Surface Parameterization: a Tutorial and Survey},
  booktitle = {In Advances in Multiresolution for Geometric Modelling, Mathematics and Visualization},
  year      = {2005},
  publisher = {Springer Verlag},
  pages     = {157--186}
}

@article{Fu:2016,
  author     = {Fu, Xiao-Ming and Liu, Yang},
  title      = {Computing Inversion-free Mappings by Simplex Assembly},
  journal    = {ACM Trans. Graph.},
  issue_date = {November 2016},
  volume     = {35},
  number     = {6},
  month      = nov,
  year       = {2016},
  pages      = {216:1--216:12},
  articleno  = {216},
  numpages   = {12},
  publisher  = {ACM},
  address    = {New York, NY, USA}
}

@article{fu2015computing,
  title     = {Computing locally injective mappings by advanced MIPS},
  author    = {Fu, Xiao-Ming and Liu, Yang and Guo, Baining},
  journal   = {ACM Transactions on Graphics (TOG)},
  volume    = {34},
  number    = {4},
  pages     = {71},
  year      = {2015},
  publisher = {ACM}
}

@article{garimella2000boundary,
  title     = {Boundary layer mesh generation for viscous flow simulations},
  author    = {Garimella, Rao V and Shephard, Mark S},
  journal   = {International Journal for Numerical Methods in Engineering},
  volume    = {49},
  number    = {1-2},
  pages     = {193--218},
  year      = {2000},
  publisher = {Wiley Online Library}
}

@inproceedings{garland1997surface,
  title        = {Surface simplification using quadric error metrics},
  author       = {Garland, Michael and Heckbert, Paul S},
  booktitle    = {Proceedings of the 24th annual conference on Computer graphics and interactive techniques},
  pages        = {209--216},
  year         = {1997},
  organization = {ACM Press/Addison-Wesley Publishing Co.}
}

@inproceedings{garland1998simplifying,
  title        = {Simplifying surfaces with color and texture using quadric error metrics},
  author       = {Garland, Michael and Heckbert, Paul S},
  booktitle    = {Proceedings Visualization'98 (Cat. No. 98CB36276)},
  pages        = {263--269},
  year         = {1998},
  organization = {IEEE}
}

@inproceedings{gartner2000efficient,
  title     = {An efficient, exact, and generic quadratic programming solver for geometric optimization},
  author    = {G{\"a}rtner, Bernd and Sch{\"o}nherr, Sven},
  booktitle = {Proceedings of the sixteenth annual symposium on Computational geometry},
  pages     = {110--118},
  year      = {2000}
}

@article{Gotsman:2001,
  title     = {Guaranteed intersection-free polygon morphing},
  author    = {Gotsman, Craig and Surazhsky, Vitaly},
  journal   = {Computers \& Graphics},
  volume    = {25},
  number    = {1},
  pages     = {67--75},
  year      = {2001},
  publisher = {Elsevier}
}

@article{guigue2003fast,
  title     = {Fast and robust triangle-triangle overlap test using orientation predicates},
  author    = {Guigue, Philippe and Devillers, Olivier},
  journal   = {Journal of graphics tools},
  volume    = {8},
  number    = {1},
  pages     = {25--32},
  year      = {2003},
  publisher = {Taylor \& Francis}
}

@article{gumhold2003intersection,
  title     = {Intersection free simplification},
  author    = {Gumhold, Stefan and Borodin, Pavel and Klein, Reinhard},
  journal   = {International Journal of Shape Modeling},
  volume    = {9},
  number    = {02},
  pages     = {155--176},
  year      = {2003},
  publisher = {World Scientific}
}

@article{hart2018conway,
  title   = {Conway notation for polyhedra},
  author  = {Hart, George W},
  journal = {URL: http://www. gergehart. co/virtual-polyhedra/conway\_notation. html},
  year    = {2018}
}

@misc{holliday2017tetrahedral,
  title     = {Tetrahedral Shell Generation},
  author    = {Holliday, Taylor},
  year      = {2017},
  month     = may # {~2},
  publisher = {Google Patents},
  note      = {US Patent 9,639,981}
}

@inproceedings{hoppe1996progressive,
  title        = {Progressive meshes},
  author       = {Hoppe, Hugues},
  booktitle    = {Proceedings of the 23rd annual conference on Computer graphics and interactive techniques},
  pages        = {99--108},
  year         = {1996},
  organization = {ACM}
}

@inproceedings{Hormann:2007,
  author    = {Hormann, Kai and L{\'e}vy, Bruno and Sheffer, Alla},
  title     = {Mesh Parameterization: Theory and Practice},
  booktitle = {ACM SIGGRAPH 2007 Courses},
  series    = {SIGGRAPH '07},
  year      = {2007},
  location  = {San Diego, California},
  publisher = {ACM},
  address   = {New York, NY, USA}
}

@book{Hormann:2017:GBC,
  editor    = {K. Hormann and N. Sukumar},
  title     = {Generalized Barycentric Coordinates in Computer Graphics and 
         Computational Mechanics},
  publisher = {CRC Press},
  address   = {Boca Raton, FL},
  year      = 2017
} 

@techreport{hormann2000mips,
  title       = {MIPS: An efficient global parametrization method},
  author      = {Hormann, Kai and Greiner, G{\"u}nther},
  year        = {2000},
  institution = {ERLANGEN-NUERNBERG UNIV (GERMANY) COMPUTER GRAPHICS GROUP}
} 

@article{hu2016error,
  title     = {Error-bounded and feature preserving surface remeshing with minimal angle improvement},
  author    = {Hu, Kaimo and Yan, Dong-Ming and Bommes, David and Alliez, Pierre and Benes, Bedrich},
  journal   = {IEEE transactions on visualization and computer graphics},
  volume    = {23},
  number    = {12},
  pages     = {2560--2573},
  year      = {2016},
  publisher = {IEEE}
}

@article{hu2017,
  author   = {K. {Hu} and D. {Yan} and D. {Bommes} and P. {Alliez} and B. {Benes}},
  journal  = {IEEE Transactions on Visualization and Computer Graphics},
  title    = {Error-Bounded and Feature Preserving Surface Remeshing with Minimal Angle Improvement},
  year     = {2017},
  volume   = {23},
  number   = {12},
  pages    = {2560-2573},
  keywords = {Approximation error;Complexity theory;Surface reconstruction;Approximation algorithms;Algorithm design and analysis;Electronic mail;Error analysis;Surface remeshing;error-bounded;feature preserving;minimal angle improvement;saliency function},
  doi      = {10.1109/TVCG.2016.2632720},
  issn     = {2160-9306},
  month    = {Dec}
}

@article{hu2018tetrahedral,
  title   = {Tetrahedral meshing in the wild.},
  author  = {Hu, Yixin and Zhou, Qingnan and Gao, Xifeng and Jacobson, Alec and Zorin, Denis and Panozzo, Daniele},
  journal = {ACM Trans. Graph.},
  volume  = {37},
  number  = {4},
  pages   = {60--1},
  year    = {2018}
}


@article{hu2019triwild,
  title     = {TriWild: robust triangulation with curve constraints},
  author    = {Hu, Yixin and Schneider, Teseo and Gao, Xifeng and Zhou, Qingnan and Jacobson, Alec and Zorin, Denis and Panozzo, Daniele},
  journal   = {ACM Transactions on Graphics (TOG)},
  volume    = {38},
  number    = {4},
  pages     = {52},
  year      = {2019},
  publisher = {ACM}
}

@article{huang2007gradient,
  title     = {Gradient-based shell generation and deformation},
  author    = {Huang, Jin and Liu, Xinguo and Jiang, Haiyang and Wang, Qing and Bao, Hujun},
  journal   = {Computer Animation and Virtual Worlds},
  volume    = {18},
  number    = {4-5},
  pages     = {301--309},
  year      = {2007},
  publisher = {Wiley Online Library}
}

@misc{jacobson2016libigl,
  title  = {libigl: A simple C++ geometry processing library, 2016},
  author = {Jacobson, Alec and Panozzo, Daniele and Sch{\"u}ller, C and Diamanti, O and Zhou, Q and Pietroni, N and others},
  year   = {2016}
}

@article{jiang2017simplicial,
  title   = {Simplicial complex augmentation framework for bijective maps},
  author  = {Jiang, Zhongshi and Schaefer, Scott and Panozzo, Daniele},
  journal = {ACM Transactions on Graphics},
  volume  = {36},
  number  = {6},
  year    = {2017}
}

@article{jiao2004overlaying,
  title     = {Overlaying surface meshes, part I: Algorithms},
  author    = {Jiao, Xiangmin and Heath, Michael T},
  journal   = {International Journal of Computational Geometry \& Applications},
  volume    = {14},
  number    = {06},
  pages     = {379--402},
  year      = {2004},
  publisher = {World Scientific}
}

@article{Jin:2008,
  author   = {M. {Jin} and J. {Kim} and F. {Luo} and X. {Gu}},
  journal  = {IEEE Transactions on Visualization and Computer Graphics},
  title    = {Discrete Surface Ricci Flow},
  year     = {2008},
  volume   = {14},
  number   = {5},
  pages    = {1030-1043},
  keywords = {computational geometry;discrete surface Ricci flow;Riemannian metrics;user-defined Gaussian curvatures;heat diffusion process;convex polytope;Ricci energy;Newton's method;global surface parameterizations;variational framework;Computer Society;Topology;Diffusion processes;Graphics;Solid modeling;Biomedical imaging;Surface texture;Algorithm design and analysis;Extraterrestrial measurements;Optimization methods;Geometric algorithms;languages;and systems;Curve;surface;solid;and object representations;Applications;Geometric algorithms;languages;and systems;Curve;surface;solid;and object representations;Applications;Algorithms;Computer Graphics;Image Enhancement;Image Interpretation, Computer-Assisted;Imaging, Three-Dimensional;Reproducibility of Results;Sensitivity and Specificity;Signal Processing, Computer-Assisted},
  doi      = {10.1109/TVCG.2008.57},
  issn     = {2160-9306},
  month    = {Sep.}
} 

@article{jin2019shell,
  title     = {A shell space constrained approach for curve design on surface meshes},
  author    = {Jin, Yao and Song, Dan and Wang, Tongtong and Huang, Jin and Song, Ying and He, Lili},
  journal   = {Computer-Aided Design},
  volume    = {113},
  pages     = {24--34},
  year      = {2019},
  publisher = {Elsevier}
} 



@article{johnen2013geometrical,
  title     = {Geometrical validity of curvilinear finite elements},
  author    = {Johnen, Amaury and Remacle, J-F and Geuzaine, Christophe},
  journal   = {Journal of Computational Physics},
  volume    = {233},
  pages     = {359--372},
  year      = {2013},
  publisher = {Elsevier}
}


@article{Kharevych:2006,
  author     = {Kharevych, Liliya and Springborn, Boris and Schr\"{o}der, Peter},
  title      = {Discrete Conformal Mappings via Circle Patterns},
  year       = {2006},
  issue_date = {April 2006},
  publisher  = {Association for Computing Machinery},
  address    = {New York, NY, USA},
  volume     = {25},
  number     = {2},
  issn       = {0730-0301},
  url        = {https://doi.org/10.1145/1138450.1138461},
  doi        = {10.1145/1138450.1138461},
  journal    = {ACM Trans. Graph.},
  month      = apr,
  pages      = {412–438},
  numpages   = {27},
  keywords   = {texture mapping, meshing, discrete differential geometry, discrete analytic functions, circle patterns, Conformal parameterizations}
}

@article{knabner2001invertibility,
  title     = {The invertibility of the isoparametric mapping for pyramidal and prismatic finite elements},
  author    = {Knabner, Peter and Summ, Gerhard},
  journal   = {Numerische Mathematik},
  volume    = {88},
  number    = {4},
  pages     = {661--681},
  year      = {2001},
  publisher = {Springer}
} 


@inproceedings{kobbelt1998interactive,
  title     = {Interactive multi-resolution modeling on arbitrary meshes},
  author    = {Kobbelt, Leif and Campagna, Swen and Vorsatz, Jens and Seidel, Hans-Peter},
  booktitle = {Siggraph},
  volume    = {98},
  pages     = {105--114},
  year      = {1998}
} 

@article{kraevoy2004cross,
  title     = {Cross-parameterization and compatible remeshing of 3D models},
  author    = {Kraevoy, Vladislav and Sheffer, Alla},
  journal   = {ACM Transactions on Graphics (TOG)},
  volume    = {23},
  number    = {3},
  pages     = {861--869},
  year      = {2004},
  publisher = {ACM New York, NY, USA}
} 

@inproceedings{lee1998maps,
  title     = {MAPS: Multiresolution adaptive parameterization of surfaces},
  author    = {Lee, Aaron WF and Sweldens, Wim and Schr{\"o}der, Peter and Cowsar, Lawrence C and Dobkin, David P},
  booktitle = {Siggraph},
  volume    = {98},
  pages     = {95--104},
  year      = {1998}
}

@inproceedings{lee2000displaced,
  title     = {Displaced subdivision surfaces},
  author    = {Lee, Aaron and Moreton, Henry and Hoppe, Hugues},
  booktitle = {Proceedings of the 27th annual conference on Computer graphics and interactive techniques},
  pages     = {85--94},
  year      = {2000}
}

@inproceedings{lengyel2001real,
  title        = {Real-time fur over arbitrary surfaces},
  author       = {Lengyel, Jerome and Praun, Emil and Finkelstein, Adam and Hoppe, Hugues},
  booktitle    = {Proceedings of the 2001 symposium on Interactive 3D graphics},
  pages        = {227--232},
  year         = {2001},
  organization = {ACM}
}

@article{li2018optcuts,
  title     = {OptCuts: joint optimization of surface cuts and parameterization},
  author    = {Li, Minchen and Kaufman, Danny M and Kim, Vladimir G and Solomon, Justin and Sheffer, Alla},
  journal   = {ACM Transactions on Graphics (TOG)},
  volume    = {37},
  number    = {6},
  pages     = {1--13},
  year      = {2018},
  publisher = {ACM New York, NY, USA}
}

@article{lipman2014bijective,
  title     = {Bijective mappings of meshes with boundary and the degree in mesh processing},
  author    = {Lipman, Yaron},
  journal   = {SIAM Journal on Imaging Sciences},
  volume    = {7},
  number    = {2},
  pages     = {1263--1283},
  year      = {2014},
  publisher = {SIAM}
}

@article{liu2015efficient,
  title     = {Efficient construction and simplification of Delaunay meshes},
  author    = {Liu, Yong-Jin and Xu, Chun-Xu and Fan, Dian and He, Ying},
  journal   = {ACM Transactions on Graphics (TOG)},
  volume    = {34},
  number    = {6},
  year      = {2015},
  publisher = {ACM}
}

@article{liu2017seamless,
  title   = {Seamless: seam erasure and seam-aware decoupling of shape from mesh resolution.},
  author  = {Liu, Songrun and Ferguson, Zachary and Jacobson, Alec and Gingold, Yotam I},
  journal = {ACM Trans. Graph.},
  volume  = {36},
  number  = {6},
  year    = {2017}
}

@article{mandad2015isotopic,
  title     = {Isotopic approximation within a tolerance volume},
  author    = {Mandad, Manish and Cohen-Steiner, David and Alliez, Pierre},
  journal   = {ACM Transactions on Graphics (TOG)},
  volume    = {34},
  number    = {4},
  pages     = {64},
  year      = {2015},
  publisher = {ACM}
}

@article{maron2017convolutional,
  title   = {Convolutional neural networks on surfaces via seamless toric covers.},
  author  = {Maron, Haggai and Galun, Meirav and Aigerman, Noam and Trope, Miri and Dym, Nadav and Yumer, Ersin and Kim, Vladimir G and Lipman, Yaron},
  journal = {ACM Trans. Graph.},
  volume  = {36},
  number  = {4},
  pages   = {71--1},
  year    = {2017}
}



@article{Muller:2015,
  author     = {M\"{u}ller, Matthias and Chentanez, Nuttapong and Kim, Tae-Yong and Macklin, Miles},
  title      = {Air Meshes for Robust Collision Handling},
  journal    = {ACM Trans. Graph.},
  issue_date = {August 2015},
  volume     = {34},
  number     = {4},
  month      = jul,
  year       = {2015},
  issn       = {0730-0301},
  numpages   = {9},
  _doi       = {10.1145/2766907},
  _acmid     = {2766907},
  publisher  = {ACM},
}

@article{Ovsjanikov:2012,
  author     = {Ovsjanikov, Maks and Ben-Chen, Mirela and Solomon, Justin and Butscher, Adrian and Guibas, Leonidas},
  title      = {Functional Maps: A Flexible Representation of Maps between Shapes},
  year       = {2012},
  issue_date = {August 2012},
  publisher  = {Association for Computing Machinery},
  address    = {New York, NY, USA},
  volume     = {31},
  number     = {4},
  issn       = {0730-0301},
  url        = {https://doi.org/10.1145/2185520.2185526},
  doi        = {10.1145/2185520.2185526},
  journal    = {ACM Trans. Graph.},
  month      = jul,
  articleno  = {Article 30},
  numpages   = {11},
  keywords   = {shape matching, correspondence, representation}
}




@inproceedings{Ovsjanikov:2017,
  author    = {Ovsjanikov, Maks and Corman, Etienne and Bronstein, Michael and Rodol\`{a}, Emanuele and Ben-Chen, Mirela and Guibas, Leonidas and Chazal, Frederic and Bronstein, Alex},
  title     = {Computing and Processing Correspondences with Functional Maps},
  year      = {2017},
  isbn      = {9781450350143},
  doi       = {10.1145/3084873.3084877},
  booktitle = {ACM SIGGRAPH 2017 Courses},
  articleno = {Article 5},
  series    = {SIGGRAPH ’17}
}
@article{panozzo2013weighted,
  title     = {Weighted averages on surfaces},
  author    = {Panozzo, Daniele and Baran, Ilya and Diamanti, Olga and Sorkine-Hornung, Olga},
  journal   = {ACM Transactions on Graphics (TOG)},
  volume    = {32},
  number    = {4},
  pages     = {60},
  year      = {2013},
  publisher = {ACM}
}

@inproceedings{peng2004interactive,
  title        = {Interactive modeling of topologically complex geometric detail},
  author       = {Peng, Jianbo and Kristjansson, Daniel and Zorin, Denis},
  booktitle    = {ACM Transactions on Graphics (TOG)},
  volume       = {23},
  number       = {3},
  pages        = {635--643},
  year         = {2004},
  organization = {ACM}
}

@article{phong1975illumination,
  title     = {Illumination for computer generated pictures},
  author    = {Phong, Bui Tuong},
  journal   = {Communications of the ACM},
  volume    = {18},
  number    = {6},
  pages     = {311--317},
  year      = {1975},
  publisher = {ACM}
}

@article{Pietroni:2010,
  author     = {Pietroni, Nico and Tarini, Marco and Cignoni, Paolo},
  title      = {Almost Isometric Mesh Parameterization through Abstract Domains},
  year       = {2010},
  issue_date = {July 2010},
  publisher  = {IEEE Educational Activities Department},
  address    = {USA},
  volume     = {16},
  number     = {4},
  issn       = {1077-2626},
  url        = {https://doi.org/10.1109/TVCG.2009.96},
  doi        = {10.1109/TVCG.2009.96},
  journal    = {IEEE Transactions on Visualization and Computer Graphics},
  month      = jul,
  pages      = {621–635},
  numpages   = {15},
  keywords   = {Modeling, surface parameterization., Modeling, surface parameterization.}
}

@inproceedings{porumbescu2005shell,
  title        = {Shell maps},
  author       = {Porumbescu, Serban D and Budge, Brian and Feng, Louis and Joy, Kenneth I},
  booktitle    = {ACM Transactions on Graphics (TOG)},
  volume       = {24},
  number       = {3},
  pages        = {626--633},
  year         = {2005},
  organization = {ACM}
}


@inproceedings{praun2001consistent,
  title     = {Consistent mesh parameterizations},
  author    = {Praun, Emil and Sweldens, Wim and Schr{\"o}der, Peter},
  booktitle = {Proceedings of the 28th annual conference on Computer graphics and interactive techniques},
  pages     = {179--184},
  year      = {2001}
}



@article{Rabinovich:2017,
  author     = {Rabinovich, Michael and Poranne, Roi and Panozzo, Daniele and Sorkine-Hornung, Olga},
  title      = {Scalable Locally Injective Mappings},
  journal    = {ACM Trans. Graph.},
  issue_date = {April 2017},
  volume     = {36},
  number     = {2},
  year       = {2017},
  pages      = {16:1--16:16},
  articleno  = {16},
  numpages   = {16},
  publisher  = {ACM},
  address    = {New York, NY, USA}
}

@article{rabinovich2017scalable,
  title     = {Scalable locally injective mappings},
  author    = {Rabinovich, Michael and Poranne, Roi and Panozzo, Daniele and Sorkine-Hornung, Olga},
  journal   = {ACM Transactions on Graphics (TOG)},
  volume    = {36},
  number    = {4},
  pages     = {37a},
  year      = {2017},
  publisher = {ACM}
}

@article{sacht2015nested,
  title     = {Nested cages},
  author    = {Sacht, Leonardo and Vouga, Etienne and Jacobson, Alec},
  journal   = {ACM Transactions on Graphics (TOG)},
  volume    = {34},
  number    = {6},
  pages     = {170},
  year      = {2015},
  publisher = {ACM}
}

@article{Schreiner:2004,
  author     = {Schreiner, John and Asirvatham, Arul and Praun, Emil and Hoppe, Hugues},
  title      = {Inter-Surface Mapping},
  year       = {2004},
  issue_date = {August 2004},
  publisher  = {Association for Computing Machinery},
  address    = {New York, NY, USA},
  volume     = {23},
  number     = {3},
  issn       = {0730-0301},
  url        = {https://doi.org/10.1145/1015706.1015812},
  doi        = {10.1145/1015706.1015812},
  journal    = {ACM Trans. Graph.},
  month      = aug,
  pages      = {870–877},
  numpages   = {8},
  keywords   = {surface parametrization, shape morphing, remeshing}
}

@inproceedings{Schuller:2013,
  author    = {Sch\"{u}ller, Christian and Kavan, Ladislav and Panozzo, Daniele and Sorkine-Hornung, Olga},
  title     = {Locally Injective Mappings},
  booktitle = {Symposium on Geometry Processing},
  year      = {2013},
  pages     = {125--135}
}

@article{sharov2003unstructured,
  title     = {Unstructured Navier--Stokes grid generation at corners and ridges},
  author    = {Sharov, Dmitri and Luo, Hong and Baum, Joseph D and L{\"o}hner, Rainald},
  journal   = {International Journal for Numerical Methods in Fluids},
  volume    = {43},
  number    = {6-7},
  pages     = {717--728},
  year      = {2003},
  publisher = {Wiley Online Library}
}

@article{sharp2019navigating,
  title     = {Navigating intrinsic triangulations},
  author    = {Sharp, Nicholas and Soliman, Yousuf and Crane, Keenan},
  journal   = {ACM Transactions on Graphics (TOG)},
  volume    = {38},
  number    = {4},
  pages     = {55},
  year      = {2019},
  publisher = {ACM}
}

@article{Sheffer:2006,
  author  = {Sheffer, Alla and Praun, Emil and Rose, Kenneth},
  title   = {Mesh Parameterization Methods and Their Applications},
  journal = {Found. Trends. Comput. Graph. Vis.},
  volume  = {2},
  number  = {2},
  year    = {2006},
  pages   = {105--171}
}

@article{shewchuk1997adaptive,
  title     = {Adaptive precision floating-point arithmetic and fast robust geometric predicates},
  author    = {Shewchuk, Jonathan Richard},
  journal   = {Discrete \& Computational Geometry},
  volume    = {18},
  number    = {3},
  year      = {1997},
  publisher = {Springer}
}

@article{Shoham:2019,
  author  = {Shoham, Meged and Vaxman, Amir and Ben-Chen, Mirela},
  title   = {Hierarchical Functional Maps between Subdivision Surfaces},
  journal = {Computer Graphics Forum},
  volume  = {38},
  number  = {5},
  pages   = {55-73},
  doi     = {10.1111/cgf.13789},
  year    = {2019}
}

@article{si2015tetgen,
  title     = {TetGen, a Delaunay-based quality tetrahedral mesh generator},
  author    = {Si, Hang},
  journal   = {ACM Transactions on Mathematical Software (TOMS)},
  volume    = {41},
  number    = {2},
  pages     = {1--36},
  year      = {2015},
  publisher = {ACM New York, NY, USA}
}

@article{Smith:2015,
  author     = {Smith, Jason and Schaefer, Scott},
  title      = {Bijective Parameterization with Free Boundaries},
  journal    = {ACM Trans. Graph.},
  issue_date = {August 2015},
  volume     = {34},
  number     = {4},
  month      = jul,
  year       = {2015},
  issn       = {0730-0301},
  pages      = {70:1--70:9},
  articleno  = {70},
  numpages   = {9},
  _url       = {http://doi.acm.org/10.1145/2766947},
  _doi       = {10.1145/2766947},
  _acmid     = {2766947},
  publisher  = {ACM},
  address    = {New York, NY, USA},
  _keywords  = {bijective mappings, free boundary, parameterization}
}

@article{Springborn:2008,
  author     = {Springborn, Boris and Schr\"{o}der, Peter and Pinkall, Ulrich},
  title      = {Conformal Equivalence of Triangle Meshes},
  year       = {2008},
  issue_date = {August 2008},
  publisher  = {Association for Computing Machinery},
  address    = {New York, NY, USA},
  volume     = {27},
  number     = {3},
  issn       = {0730-0301},
  url        = {https://doi.org/10.1145/1360612.1360676},
  doi        = {10.1145/1360612.1360676},
  journal    = {ACM Trans. Graph.},
  month      = aug,
  pages      = {1–11},
  numpages   = {11},
  keywords   = {texture mapping, cone singularities, discrete differential geometry, conformal parameterization, conformal equivalence, discrete Riemannian metric}
}

@book{stephenson2005introduction,
title={Introduction to circle packing: The theory of discrete analytic functions},
author={Stephenson, Kenneth},
year={2005},
publisher={Cambridge University Press}
}

@inproceedings{surazhsky2001morphing,
  title        = {Morphing stick figures using optimized compatible triangulations},
  author       = {Surazhsky, Vitaly and Gotsman, Craig},
  booktitle    = {Computer Graphics and Applications, 2001. Proceedings. Ninth Pacific Conference on},
  pages        = {40--49},
  year         = {2001},
  organization = {IEEE}
} 

@article{Thiery:2012,
  author     = {Thiery, Jean-Marc and Tierny, Julien and Boubekeur, Tamy},
  title      = {CageR: Cage-Based Reverse Engineering of Animated 3D Shapes},
  year       = {2012},
  issue_date = {December 2012},
  publisher  = {The Eurographs Association & John Wiley & Sons, Ltd.},
  address    = {Chichester, GBR},
  volume     = {31},
  number     = {8},
  issn       = {0167-7055},
  url        = {https://doi.org/10.1111/j.1467-8659.2012.03159.x},
  doi        = {10.1111/j.1467-8659.2012.03159.x},
  journal    = {Comput. Graph. Forum},
  month      = dec,
  pages      = {2303–2316},
  numpages   = {14},
  keywords   = {I.3.5 [Computer Graphics]: Computational Geometry and Object Modelling Geometric algorithms, languages and systems}
}




@article{Tutte:1963,
  author  = {W. T. Tutte},
  title   = {How to draw a Graph},
  volume  = {13},
  number  = {3},
  pages   = {743-768},
  year    = {1963},
  journal = {Proceedings of the London Mathematical Society}
}


@inproceedings{wang2003view,
  title        = {View-dependent displacement mapping},
  author       = {Wang, Lifeng and Wang, Xi and Tong, Xin and Lin, Stephen and Hu, Shimin and Guo, Baining and Shum, Heung-Yeung},
  booktitle    = {ACM Transactions on graphics (TOG)},
  volume       = {22},
  number       = {3},
  pages        = {334--339},
  year         = {2003},
  organization = {ACM}
}

@inproceedings{wang2004generalized,
  title        = {Generalized displacement maps},
  author       = {Wang, Xi and Tong, Xin and Lin, Stephen and Hu, Shimin and Guo, Baining and Shum, Heung-Yeung},
  booktitle    = {Proceedings of the Fifteenth Eurographics conference on Rendering Techniques},
  pages        = {227--233},
  year         = {2004},
  organization = {Eurographics Association}
}

@article{Weber:2014,
  author     = {Weber, Ofir and Zorin, Denis},
  title      = {Locally Injective Parametrization with Arbitrary Fixed Boundaries},
  journal    = {ACM Trans. Graph.},
  issue_date = {July 2014},
  volume     = {33},
  number     = {4},
  month      = jul,
  year       = {2014},
  pages      = {75:1--75:12},
  articleno  = {75},
  numpages   = {12},
  publisher  = {ACM},
  address    = {New York, NY, USA}
}


@article{Zhang:2005,
  author     = {Zhang, Eugene and Mischaikow, Konstantin and Turk, Greg},
  title      = {Feature-based Surface Parameterization and Texture Mapping},
  journal    = {ACM Trans. Graph.},
  issue_date = {January 2005},
  volume     = {24},
  number     = {1},
  month      = jan,
  year       = {2005},
  issn       = {0730-0301},
  pages      = {1--27},
  _url       = {http://doi.acm.org/10.1145/1037957.1037958},
  _doi       = {10.1145/1037957.1037958},
  _acmid     = {1037958},
  publisher  = {ACM},
  address    = {New York, NY, USA},
  _keywords  = {Surface parameterization, segmentation, texture mapping, topology}
}

@article{Zhang:2005:Test,
  author  = {Zhang, Shangyou},
  title   = {Subtetrahedral test for the positive Jacobian of hexahedral elements.},
  journal = {Preprint},
  year    = {2015},
  url     = {http://www.math.udel.edu/~szhang/research/p/subtettest.pdf}
}


@inproceedings{zhou2006mesh,
  title        = {Mesh quilting for geometric texture synthesis},
  author       = {Zhou, Kun and Huang, Xin and Wang, Xi and Tong, Yiying and Desbrun, Mathieu and Guo, Baining and Shum, Heung-Yeung},
  booktitle    = {ACM Transactions on Graphics (TOG)},
  volume       = {25},
  number       = {3},
  pages        = {690--697},
  year         = {2006},
  organization = {ACM}
}

@article{zhou2016thingi10k,
  title   = {Thingi10k: A dataset of 10,000 3d-printing models},
  author  = {Zhou, Qingnan and Jacobson, Alec},
  journal = {arXiv preprint arXiv:1605.04797},
  year    = {2016}
}

@inproceedings{zomorodian2000fast,
  title     = {Fast software for box intersections},
  author    = {Zomorodian, Afra and Edelsbrunner, Herbert},
  booktitle = {Proceedings of the sixteenth annual symposium on Computational geometry},
  pages     = {129--138},
  year      = {2000}
}

@article{ciarlet1991basic,
title={Basic error estimates for elliptic problems},
author={Ciarlet, Philippe G},
journal={Finite Element Methods (Part 1)},
year={1991},
publisher={North-Holland}
}

@article{osqp,
  author = {Stellato, B. and Banjac, G. and Goulart, P. and Bemporad, A. and Boyd, S.},
  title = {{OSQP}: An Operator Splitting Solver for Quadratic Programs},
  journal = {ArXiv e-prints},
  year = {2017},
  month = nov,
  adsnote = {Provided by the SAO/NASA Astrophysics Data System},
  adsurl = {http://adsabs.harvard.edu/abs/2017arXiv171108013S},
  archiveprefix = {arXiv},
  eprint = {1711.08013},
  keywords = {Mathematics - Optimization and Control},
  primaryclass = {math.OC},
}

@article{schmidt2020intersurface,
 author = {Schmidt, Patrick and Campen, Marcel and Born, Janis and Kobbelt, Leif},
 title = {Inter-Surface Maps via Constant-Curvature Metrics},
 journal = {ACM Transactions on Graphics},
 issue_date = {July 2020},
 volume = {39},
 number = {4},
 month = jul,
 year = {2020},
 articleno = {119},
 url = {https://doi.org/10.1145/3386569.3392399},
 doi = {10.1145/3386569.3392399},
 publisher = {ACM},
 address = {New York, NY, USA},
}

@article{cheshmi2020nasoq,
 author = {Cheshmi, Kazem and Kaufman, Danny M. and Kamil, Shoaib and Dehnavi, Maryam Mehri},
 title = {NASOQ: Numerically Accurate Sparsity-Oriented QP Solver},
 journal = {ACM Transactions on Graphics},
 issue_date = {July 2020},
 volume = {39},
 number = {4},
 month = jul,
 year = {2020},
 publisher = {ACM},
 address = {New York, NY, USA},
}

@article{floater2003one,
  title={One-to-one piecewise linear mappings over triangulations},
  author={Floater, Michael},
  journal={Mathematics of Computation},
  volume={72},
  number={242},
  pages={685--696},
  year={2003}
}

@InProceedings{Koch_2019_CVPR,
author = {Koch, Sebastian and Matveev, Albert and Jiang, Zhongshi and Williams, Francis and Artemov, Alexey and Burnaev, Evgeny and Alexa, Marc and Zorin, Denis and Panozzo, Daniele},
title = {ABC: A Big CAD Model Dataset For Geometric Deep Learning},
booktitle = {The IEEE Conference on Computer Vision and Pattern Recognition (CVPR)},
month = {June},
year = {2019}
}

@article{Hu:2019:fTetWild,
  title={Fast Tetrahedral Meshing in the Wild},
  author={Hu, Yixin and Schneider, Teseo and Wang, Bolun and Zorin, Denis and Panozzo, Daniele},
  journal={arXiv preprint arXiv:1908.03581},
  year={2019}
}

@article{zhou2016mesh,
  title={Mesh arrangements for solid geometry},
  author={Zhou, Qingnan and Grinspun, Eitan and Zorin, Denis and Jacobson, Alec},
  journal={ACM Transactions on Graphics (TOG)},
  volume={35},
  number={4},
  pages={1--15},
  year={2016},
  publisher={ACM New York, NY, USA}
}

@inproceedings{botsch2006primo,
  title={PriMo: coupled prisms for intuitive surface modeling},
  author={Botsch, Mario and Pauly, Mark and Gross, Markus H and Kobbelt, Leif},
  booktitle={Symposium on Geometry Processing},
  number={CONF},
  pages={11--20},
  year={2006}
}

@book{nguyen2007gpu,
  title={Gpu gems 3},
  author={Nguyen, Hubert},
  year={2007},
  publisher={Addison-Wesley Professional}
}

@book{gueziec1996surface,
  title={Surface simplification inside a tolerance volume},
  author={Gu{\'e}ziec, Andr{\'e}},
  year={1996},
  publisher={IBM TJ Watson Research Center}
}

@misc{levy2015geogram,
title={Geogram},
author={L{\'e}vy, Bruno},
year={2015}
}

@article{aubry2008most,
  title={On the ‘most normal’normal},
  author={Aubry, Romain and L{\"o}hner, Rainald},
  journal={Communications in Numerical Methods in Engineering},
  volume={24},
  number={12},
  pages={1641--1652},
  year={2008},
  publisher={Wiley Online Library}
}

@article{mitchell1987discrete,
  title={The discrete geodesic problem},
  author={Mitchell, Joseph SB and Mount, David M and Papadimitriou, Christos H},
  journal={SIAM Journal on Computing},
  volume={16},
  number={4},
  pages={647--668},
  year={1987},
  publisher={SIAM}
}


@inproceedings{collins2002mesh,
  title={Mesh Decimation for Displacement Mapping.},
  author={Collins, Gordon and Hilton, Adrian},
  booktitle={Eurographics (Short Papers)},
  year={2002}
}

@inproceedings{botsch2003multiresolution,
  title={Multiresolution surface representation based on displacement volumes},
  author={Botsch, Mario and Kobbelt, Leif},
  booktitle={Computer Graphics Forum},
  volume={22},
  number={3},
  pages={483--491},
  year={2003},
  organization={Wiley Online Library}
}

@article{schmidt2019distortion,
title={Distortion-minimizing injective maps between surfaces},
author={Schmidt, Patrick and Born, Janis and Campen, Marcel and Kobbelt, Leif},
journal={ACM Transactions on Graphics (TOG)},
volume={38},
year={2019},
publisher={ACM New York, NY, USA}
}

@inproceedings{litke2005image,
title={An image processing approach to surface matching.},
author={Litke, Nathan and Droske, Marc and Rumpf, Martin and Schr{\"o}der, Peter},
booktitle={Symposium on Geometry Processing},
volume={255},
year={2005}
}

@article{crane2013geodesics,
title={Geodesics in heat: A new approach to computing distance based on heat flow},
author={Crane, Keenan and Weischedel, Clarisse and Wardetzky, Max},
journal={ACM Transactions on Graphics (TOG)},
volume={32},
number={5},
year={2013},
publisher={ACM New York, NY, USA}
}

@article{Sharp:2020:LNT,
author={Nicholas Sharp and Keenan Crane},
title={{A Laplacian for Nonmanifold Triangle Meshes}},
journal={Computer Graphics Forum (SGP)},
volume={39},
number={5},
year={2020}
}

@article{bajaj2002hierarchical,
title={Hierarchical multiresolution reconstruction of shell surfaces},
author={Bajaj, Chandrajit L and Xu, Guoliang and Holt, Robert J and Netravali, Arun N},
journal={Computer Aided Geometric Design},
volume={19},
number={2},
pages={89--112},
year={2002},
publisher={Amsterdam: North-Holland, 1984-}
}

@article{barnhill_opitz_pottmann_1992, 
title={Fat surfaces: a trivariate approach to triangle-based interpolation on surfaces}, volume={9}, DOI={10.1016/0167-8396(92)90030-s}, number={5}, journal={Computer Aided Geometric Design}, author={Barnhill, Robert E. and Opitz, Karsten and Pottmann, Helmut}, 
year={1992}, pages={365–378}
}


@article{dey2010polygonal,
  title={Polygonal surface remeshing with Delaunay refinement},
  author={Dey, Tamal K and Ray, Tathagata},
  journal={Engineering with computers},
  volume={26},
  number={3},
  pages={289--301},
  year={2010},
  publisher={Springer}
}

@inproceedings{hass2020approximating,
  title={Approximating isosurfaces by guaranteed-quality triangular meshes},
  author={Hass, J and Trnkova, M},
  booktitle={Computer Graphics Forum},
  volume={39},
  number={5},
  pages={29--40},
  year={2020},
  organization={Wiley Online Library}
}

@inproceedings{alliez2003isotropic,
  title={Isotropic surface remeshing},
  author={Alliez, Pierre and De Verdire, Eric Colin and Devillers, Olivier and Isenburg, Martin},
  booktitle={2003 Shape Modeling International.},
  pages={49--58},
  year={2003},
  organization={IEEE}
}

@incollection{bobenko2005discrete,
  title={Discrete willmore flow},
  author={Bobenko, Alexander I and Schr{\"o}der, Peter},
  booktitle={ACM SIGGRAPH 2005 Courses},
  pages={5--es},
  year={2005}
}

@article{yi2018delaunay,
title={Delaunay mesh simplification with differential evolution},
author={Yi, Ran and Liu, Yong-Jin and He, Ying},
journal={ACM Transactions on Graphics (TOG)},
volume={37},
number={6},
pages={1--12},
year={2018},
publisher={ACM New York, NY, USA}
}

@article{dyer2007delaunay,
  title={Delaunay mesh construction},
  author={Dyer, Ramsay and Zhang, Hao and M{\"o}ller, Torsten},
  year={2007}
}

@inproceedings{bommes2013quad,
  title={Quad-mesh generation and processing: A survey},
  author={Bommes, David and L{\'e}vy, Bruno and Pietroni, Nico and Puppo, Enrico and Silva, Claudio and Tarini, Marco and Zorin, Denis},
  booktitle={Computer Graphics Forum},
  volume={32},
  number={6},
  pages={51--76},
  year={2013},
  organization={Wiley Online Library}
}