@article{Smith:2015,
 author = {Smith, Jason and Schaefer, Scott},
 title = {Bijective Parameterization with Free Boundaries},
 journal = {ACM Trans. Graph.},
 issue_date = {August 2015},
 volume = {34},
 number = {4},
 month = jul,
 year = {2015},
 issn = {0730-0301},
 pages = {70:1--70:9},
 articleno = {70},
 numpages = {9},
 _url = {http://doi.acm.org/10.1145/2766947},
_doi = {10.1145/2766947},
_acmid = {2766947},
 publisher = {ACM},
 address = {New York, NY, USA},
_keywords = {bijective mappings, free boundary, parameterization},
}

@article{Misztal:2012,
 author = {Misztal, Marek Krzysztof and B{\ae}rentzen, Jakob Andreas},
 title = {Topology-adaptive Interface Tracking Using the Deformable Simplicial Complex},
 journal = {ACM Trans. Graph.},
 volume = {31},
 number = {3},
 month = jun,
 year = {2012},
 pages = {24:1--24:12},
 articleno = {24},
 numpages = {12},
 publisher = {ACM},
 address = {New York, NY, USA}
} 

@article{Zhang:2005,
 author = {Zhang, Eugene and Mischaikow, Konstantin and Turk, Greg},
 title = {Feature-based Surface Parameterization and Texture Mapping},
 journal = {ACM Trans. Graph.},
 issue_date = {January 2005},
 volume = {24},
 number = {1},
 month = jan,
 year = {2005},
 issn = {0730-0301},
 pages = {1--27},
_url = {http://doi.acm.org/10.1145/1037957.1037958},
_doi = {10.1145/1037957.1037958},
_acmid = {1037958},
 publisher = {ACM},
 address = {New York, NY, USA},
_keywords = {Surface parameterization, segmentation, texture mapping, topology},
} 

@article{Muller:2015,
 author = {M\"{u}ller, Matthias and Chentanez, Nuttapong and Kim, Tae-Yong and Macklin, Miles},
 title = {Air Meshes for Robust Collision Handling},
 journal = {ACM Trans. Graph.},
 issue_date = {August 2015},
 volume = {34},
 number = {4},
 month = jul,
 year = {2015},
 issn = {0730-0301},
 pages = {133:1--133:9},
 articleno = {133},
 numpages = {9},
_url = {http://doi.acm.org/10.1145/2766907},
_doi = {10.1145/2766907},
_acmid = {2766907},
 publisher = {ACM},
 address = {New York, NY, USA},
_keywords = {collision detection, mesh optimization},
} 

@article{Sacht:2013,
author = {Leonardo Sacht and Alec Jacobson and Daniele Panozzo and Christian Sch{\"u}ller and Olga Sorkine-Hornung},
title = {Consistent Volumetric Discretizations Inside Self-Intersecting Surfaces},
journal = {Computer Graphics Forum (proceedings of EUROGRAPHICS/ACM SIGGRAPH Symposium on Geometry Processing)},
volume = {32}, 
number = {5}, 
year = {2013}, 
pages = {147--156}, 
}

@inproceedings{Schuller:2013,
 author = {Sch\"{u}ller, Christian and Kavan, Ladislav and Panozzo, Daniele and Sorkine-Hornung, Olga},
 title = {Locally Injective Mappings},
 booktitle = {Symposium on Geometry Processing},
 year = {2013},
 pages = {125--135},
} 

@INPROCEEDINGS{Degener:2003,
    author = {P. Degener and J. Meseth and R. Klein},
    title = {An Adaptable Surface Parameterization Method},
    booktitle = {Proceedings of the 12th International Meshing Roundtable},
    year = {2003},
    pages = {201--213}
}

@article{sheffer:2001,
  title={Parameterization of faceted surfaces for meshing using angle-based flattening},
  author={Sheffer, Alla and de Sturler, Eric},
  journal={Engineering with Computers},
  volume={17},
  number={3},
  pages={326--337},
  year={2001},
  publisher={Springer}
}

@article{Tutte:1963,
   author = {W. T. Tutte},
   title = {How to draw a Graph},
	volume = {13},
   number={3}, 
	pages = {743-768}, 
    year = {1963},
	journal = {Proceedings of the London Mathematical Society}
}

@InCollection{Hormann:2000,
 author = {K. Hormann and G. Greiner},
 title = {{MIPS}: An Efficient Global Parametrization Method},
 booktitle = {Curve and Surface Design: Saint-Malo 1999},
 pages = {153-162},
 year = 2000
} 

@inproceedings{Sander:2001,
 author = {Sander, Pedro V. and Snyder, John and Gortler, Steven J. and Hoppe, Hugues},
 title = {Texture Mapping Progressive Meshes},
 booktitle = {ACM SIGGRAPH},
 year = {2001},
 pages = {409--416}
} 

@ARTICLE{Floater:97,
    author = {Michael S. Floater},
    title = {Parametrization and smooth approximation of surface triangulations},
    journal = {Computer Aided Geometric Design},
    year = {1997},
    volume = {14},
    pages = {231--250}
}

@inproceedings{Schneider:2013,
 author = {Schneider, T. and Hormann, K. and Floater, M. S.},
 title = {Bijective Composite Mean Value Mappings},
 booktitle = {Symposium on Geometry Processing},
 year = {2013},
 pages = {137--146},
} 

@article{Lipman:2012,
 author = {Lipman, Yaron},
 title = {Bounded Distortion Mapping Spaces for Triangular Meshes},
 journal = {ACM Trans. Graph.},
 volume = {31},
 number = {4},
 year = {2012},
 pages = {108:1--108:13},
} 

@INPROCEEDINGS{FloaterSurvey:2005,
    author = {Michael S. Floater and Kai Hormann},
    title = {Surface Parameterization: a Tutorial and Survey},
    booktitle = {In Advances in Multiresolution for Geometric Modelling, Mathematics and Visualization},
    year = {2005},
    publisher = {Springer Verlag},
    pages = {157--186},
}

@article{Sheffer:2006,
 author = {Sheffer, Alla and Praun, Emil and Rose, Kenneth},
 title = {Mesh Parameterization Methods and Their Applications},
 journal = {Found. Trends. Comput. Graph. Vis.},
 volume = {2},
 number = {2},
 year = {2006},
 pages = {105--171},
} 

@inproceedings{Hormann:2007,
 author = {Hormann, Kai and L{\'e}vy, Bruno and Sheffer, Alla},
 title = {Mesh Parameterization: Theory and Practice},
 booktitle = {ACM SIGGRAPH 2007 Courses},
 series = {SIGGRAPH '07},
 year = {2007},
 location = {San Diego, California},
 publisher = {ACM},
 address = {New York, NY, USA},
} 

@inproceedings{Sorkine:2002,
 author = {Sorkine, Olga and Cohen-Or, Daniel and Goldenthal, Rony and Lischinski, Dani},
 title = {Bounded-distortion Piecewise Mesh Parameterization},
 booktitle = {Proceedings of the Conference on Visualization},
 year = {2002},
 pages = {355--362},
} 

@article{Weber:2014:LIP,
 author = {Weber, Ofir and Zorin, Denis},
 title = {Locally Injective Parametrization with Arbitrary Fixed Boundaries},
 journal = {ACM Trans. Graph.},
 volume = {33},
 number = {4},
 year = {2014},
 pages = {75:1--75:12},
} 

@article{Poranne:2014,
 author = {Poranne, Roi and Lipman, Yaron},
 title = {Provably Good Planar Mappings},
 journal = {ACM Trans. Graph.},
 volume = {33},
 number = {4},
 year = {2014},
 pages = {76:1--76:11},
} 

@article{Aigerman:2014,
 author = {Aigerman, Noam and Poranne, Roi and Lipman, Yaron},
 title = {Lifted Bijections for Low Distortion Surface Mappings},
 journal = {ACM Trans. Graph.},
 volume = {33},
 number = {4},
 year = {2014},
 pages = {69:1--69:12},
} 

@article{Kovalsky:2016,
 author = {Kovalsky, Shahar Z. and Galun, Meirav and Lipman, Yaron},
 title = {Accelerated Quadratic Proxy for Geometric Optimization},
 journal = {ACM Trans. Graph.},
 issue_date = {July 2016},
 volume = {35},
 number = {4},
 month = jul,
 year = {2016},
 pages = {134:1--134:11},
 articleno = {134},
 numpages = {11},
 publisher = {ACM},
} 

@article{Rabinovich:2017,
 author = {Rabinovich, Michael and Poranne, Roi and Panozzo, Daniele and Sorkine-Hornung, Olga},
 title = {Scalable Locally Injective Mappings},
 journal = {ACM Trans. Graph.},
 issue_date = {April 2017},
 volume = {36},
 number = {2},
 year = {2017},
 pages = {16:1--16:16},
 articleno = {16},
 numpages = {16},
 publisher = {ACM},
 address = {New York, NY, USA},
} 

@article{Campen:2016,
 author = {Campen, Marcel and Silva, Cl\'{a}udio T. and Zorin, Denis},
 title = {Bijective Maps from Simplicial Foliations},
 journal = {ACM Trans. Graph.},
 issue_date = {July 2016},
 volume = {35},
 number = {4},
 month = jul,
 year = {2016},
 pages = {74:1--74:15},
 articleno = {74},
 numpages = {15},
 publisher = {ACM},
 address = {New York, NY, USA},
} 

@article{jimenez:2001,
title = "3D collision detection: a survey ",
journal = "Computers \& Graphics ",
volume = "25",
number = "2",
pages = "269 - 285",
year = "2001",
author = "P. Jimenez and F. Thomas and C. Torras"
}

@article{Harmon:2009,
 author = {Harmon, David and Vouga, Etienne and Smith, Breannan and Tamstorf, Rasmus and Grinspun, Eitan},
 title = {Asynchronous Contact Mechanics},
 journal = {ACM Trans. Graph.},
 issue_date = {August 2009},
 volume = {28},
 number = {3},
 month = jul,
 year = {2009},
 pages = {87:1--87:12},
 articleno = {87},
 numpages = {12},
 publisher = {ACM},
 address = {New York, NY, USA},
} 

@article{Ainsley:2012,
 author = {Ainsley, Samantha and Vouga, Etienne and Grinspun, Eitan and Tamstorf, Rasmus},
 title = {Speculative Parallel Asynchronous Contact Mechanics},
 journal = {ACM Trans. Graph.},
 issue_date = {November 2012},
 volume = {31},
 number = {6},
 year = {2012},
 pages = {151:1--151:8},
 articleno = {151},
 numpages = {8},
 publisher = {ACM},
 address = {New York, NY, USA},
} 

@phdthesis{harmon2010robust,
  title={Robust, efficient, and accurate contact algorithms},
  author={Harmon, David},
  year={2010},
  school={Columbia University}
}

@article{Harmon:2011,
 author = {Harmon, David and Panozzo, Daniele and Sorkine, Olga and Zorin, Denis},
 title = {Interference-aware Geometric Modeling},
 journal = {ACM Trans. Graph.},
 issue_date = {December 2011},
 volume = {30},
 number = {6},
 month = dec,
 year = {2011},
 pages = {137:1--137:10},
 articleno = {137},
 numpages = {10},
 publisher = {ACM},
 address = {New York, NY, USA},
} 

@article{Fu:2016,
 author = {Fu, Xiao-Ming and Liu, Yang},
 title = {Computing Inversion-free Mappings by Simplex Assembly},
 journal = {ACM Trans. Graph.},
 issue_date = {November 2016},
 volume = {35},
 number = {6},
 month = nov,
 year = {2016},
 pages = {216:1--216:12},
 articleno = {216},
 numpages = {12},
 publisher = {ACM},
 address = {New York, NY, USA},
} 

@article{Fu:2015,
 author = {Fu, Xiao-Ming and Liu, Yang and Guo, Baining},
 title = {Computing Locally Injective Mappings by Advanced MIPS},
 journal = {ACM Trans. Graph.},
 issue_date = {August 2015},
 volume = {34},
 number = {4},
 month = jul,
 year = {2015},
 pages = {71:1--71:12},
 articleno = {71},
 numpages = {12},
 publisher = {ACM},
 address = {New York, NY, USA},
} 

@article{Weber:2014,
 author = {Weber, Ofir and Zorin, Denis},
 title = {Locally Injective Parametrization with Arbitrary Fixed Boundaries},
 journal = {ACM Trans. Graph.},
 issue_date = {July 2014},
 volume = {33},
 number = {4},
 month = jul,
 year = {2014},
 pages = {75:1--75:12},
 articleno = {75},
 numpages = {12},
 publisher = {ACM},
 address = {New York, NY, USA},
} 

@article{Levy:2002,
 author = {L{\'e}vy, Bruno and Petitjean, Sylvain and Ray, Nicolas and Maillot, J{\'e}rome},
 title = {Least Squares Conformal Maps for Automatic Texture Atlas Generation},
 journal = {ACM Trans. Graph.},
 issue_date = {July 2002},
 volume = {21},
 number = {3},
 month = jul,
 year = {2002},
 pages = {362--371},
 numpages = {10},
 publisher = {ACM},
 address = {New York, NY, USA},
}

@inproceedings{Zhou:2004,
 author = {Zhou, Kun and Synder, John and Guo, Baining and Shum, Heung-Yeung},
 title = {Iso-charts: Stretch-driven Mesh Parameterization Using Spectral Analysis},
 booktitle = {Proceedings of the 2004 Eurographics/ACM SIGGRAPH Symposium on Geometry Processing},
 series = {SGP '04},
 year = {2004},
 pages = {45--54},
 numpages = {10}, 
 publisher = {ACM},
 address = {New York, NY, USA},
} 

@article{Shewchuk:1996,
  title={Triangle: Engineering a 2D quality mesh generator and Delaunay triangulator},
  author={Shewchuk, Jonathan},
  journal={Applied computational geometry towards geometric engineering},
  pages={203--222},
  year={1996},
  publisher={Springer}
}

@article{Si:2015,
  title={TetGen, a Delaunay-based quality tetrahedral mesh generator},
  author={Si, Hang},
  journal={ACM Transactions on Mathematical Software (TOMS)},
  volume={41},
  number={2},
  pages={11},
  year={2015},
  publisher={ACM}
}

@phdthesis{Klingner:2009,
  title={Tetrahedral mesh improvement},
  author={Klingner, Bryan Matthew},
  school = {University of California at Berkeley},
  year={2009},
  month = 3,
  publisher={Citeseer}
}

@book{SolomonBook,
 author = {Solomon, Justin},
 title = {Numerical Algorithms: Methods for Computer Vision, Machine Learning, and Graphics},
 year = {2015},
 isbn = {1482251884, 9781482251883},
 publisher = {A. K. Peters, Ltd.},
 address = {Natick, MA, USA},
} 

@inproceedings{Nealen:2006,
 author = {Nealen, Andrew and Igarashi, Takeo and Sorkine, Olga and Alexa, Marc},
 title = {Laplacian Mesh Optimization},
 booktitle = {Proceedings of the 4th International Conference on Computer Graphics and Interactive Techniques in Australasia and Southeast Asia},
 series = {GRAPHITE '06},
 year = {2006},
 isbn = {1-59593-564-9},
 location = {Kuala Lumpur, Malaysia},
 pages = {381--389},
 numpages = {9},
 _url = {http://doi.acm.org/10.1145/1174429.1174494},
 _doi = {10.1145/1174429.1174494},
 _acmid = {1174494},
 publisher = {ACM},
 address = {New York, NY, USA},
 _keywords = {discrete differential geometry, fairing, least squares, remeshing, smoothing, triangle quality},
} 

@inproceedings{Liu:2008,
 author = {Liu, Ligang and Zhang, Lei and Xu, Yin and Gotsman, Craig and Gortler, Steven J.},
 title = {A Local/Global Approach to Mesh Parameterization},
 booktitle = {Proceedings of the Symposium on Geometry Processing},
 series = {SGP '08},
 year = {2008},
 location = {Copenhagen, Denmark},
 pages = {1495--1504},
 numpages = {10},
 _url = {http://dl.acm.org/citation.cfm?id=1731309.1731336},
 _acmid = {1731336},
 publisher = {Eurographics Association},
 address = {Aire-la-Ville, Switzerland, Switzerland},
} 


@article{Lipman:2013ArXiv,
  author    = {Yaron Lipman},
  title     = {Construction of Injective Mappings Of Meshes},
  journal   = {CoRR},
  volume    = {abs/1310.0955},
  year      = {2013},
  url       = {http://arxiv.org/abs/1310.0955},
  timestamp = {Tue, 28 Mar 2017 12:18:25 +0200},
  biburl    = {http://dblp.uni-trier.de/rec/bib/journals/corr/Lipman13},
  bibsource = {dblp computer science bibliography, http://dblp.org}
}

@article{Bommes:2013,
 author = {Bommes, David and Campen, Marcel and Ebke, Hans-Christian and Alliez, Pierre and Kobbelt, Leif},
 title = {Integer-grid Maps for Reliable Quad Meshing},
 journal = {ACM Trans. Graph.},
 issue_date = {July 2013},
 volume = {32},
 number = {4},
 month = jul,
 year = {2013},
 issn = {0730-0301},
 pages = {98:1--98:12},
 articleno = {98},
 numpages = {12},
 _url = {http://doi.acm.org/10.1145/2461912.2462014},
 _doi = {10.1145/2461912.2462014},
 _acmid = {2462014},
 publisher = {ACM},
 address = {New York, NY, USA},
 _keywords = {mixed-integer optimization, parametrization, quadrangulation, remeshing},
} 

@article{Pal:2014,
author = {Kazim Pal and Christian Sch{\"u}ller and Daniele Panozzo and Olga Sorkine-Hornung and Tim Weyrich},
title = {Content-Aware Surface Parameterization for Interactive Restoration of Historical Documents},
journal = {Computer Graphics Forum (proceedings of EUROGRAPHICS issue)},
volume = {33},
number = {2},
year = {2014},
}


@article{Dots:NatureComm:2016,
author = {Bergert, Martin and Lendenmann, Tobias and Z\"undel, Manuel and Ehret, Alexander E. and Panozzo, Daniele and Richner, Patrizia and Kim, David K. and Kress, Stephan J. P. and Norris, David J. and Sorkine-Hornung, Olga and Mazza, Edoardo and Poulikakos, Dimos and Ferrari, Aldo},
title = {Confocal reference free traction force microscopy},
journal = {Nature Communications},
year = {2016},
month = {09},
volume = {7},
}

@article{Kazhdan:2012,
 author = {Kazhdan, Michael and Solomon, Jake and Ben-Chen, Mirela},
 title = {Can Mean-Curvature Flow Be Modified to Be Non-singular?},
 journal = {Comput. Graph. Forum},
 issue_date = {August 2012},
 volume = {31},
 number = {5},
 month = aug,
 year = {2012},
 issn = {0167-7055},
 pages = {1745--1754},
 numpages = {10},
 _url = {http://dx.doi.org/10.1111/j.1467-8659.2012.03179.x},
 _doi = {10.1111/j.1467-8659.2012.03179.x},
 _acmid = {2346809},
 publisher = {The Eurographs Association \&\#38; John Wiley \&\#38; Sons, Ltd.},
 address = {Chichester, UK},
 _keywords = {I.3.5 [Computer Graphics]: Geometric algorithms, languages, and systems\&\#x2014;Surface Flow},
} 

@article{Gotsman:2001,
  title={Guaranteed intersection-free polygon morphing},
  author={Gotsman, Craig and Surazhsky, Vitaly},
  journal={Computers \& Graphics},
  volume={25},
  number={1},
  pages={67--75},
  year={2001},
  publisher={Elsevier}
}

@ARTICLE{Lu:2016,
   author = {{Lu}, L. and {Rahimian}, A. and {Zorin}, D.},
    title = "{Contact-aware simulations of particulate Stokesian suspensions}",
  journal = {ArXiv e-prints},
archivePrefix = "arXiv",
   eprint = {1612.02057},
 primaryClass = "math.NA",
 keywords = {Mathematics - Numerical Analysis},
     year = 2016,
    month = dec,
   adsurl = {http://adsabs.harvard.edu/abs/2016arXiv161202057L},
  adsnote = {Provided by the SAO/NASA Astrophysics Data System}
}


@article{Bommes:2009,
 author = {Bommes, David and Zimmer, Henrik and Kobbelt, Leif},
 title = {Mixed-integer Quadrangulation},
 journal = {ACM Trans. Graph.},
 issue_date = {August 2009},
 volume = {28},
 number = {3},
 month = jul,
 year = {2009},
 issn = {0730-0301},
 pages = {77:1--77:10},
 articleno = {77},
 numpages = {10},
 _url = {http://doi.acm.org/10.1145/1531326.1531383},
 _doi = {10.1145/1531326.1531383},
 _acmid = {1531383},
 publisher = {ACM},
 address = {New York, NY, USA},
 _keywords = {direction field, mixed-integer, parametrization, quadrangulation, remeshing, singularities},
} 

@article{Myles:2014,
 author = {Myles, Ashish and Pietroni, Nico and Zorin, Denis},
 title = {Robust Field-aligned Global Parametrization},
 journal = {ACM Trans. Graph.},
 issue_date = {July 2014},
 volume = {33},
 number = {4},
 month = jul,
 year = {2014},
 issn = {0730-0301},
 pages = {135:1--135:14},
 articleno = {135},
 numpages = {14},
 _url = {http://doi.acm.org/10.1145/2601097.2601154},
 _doi = {10.1145/2601097.2601154},
 _acmid = {2601154},
 publisher = {ACM},
 address = {New York, NY, USA},
 _keywords = {geometric modeling, parametrization},
} 

@inproceedings{Sorkine:2007,
 author = {Sorkine, Olga and Alexa, Marc},
 title = {As-rigid-as-possible Surface Modeling},
 booktitle = {Proceedings of the Fifth Eurographics Symposium on Geometry Processing},
 series = {SGP '07},
 year = {2007},
 isbn = {978-3-905673-46-3},
 location = {Barcelona, Spain},
 pages = {109--116},
 numpages = {8},
 _url = {http://dl.acm.org/citation.cfm?id=1281991.1282006},
 _acmid = {1282006},
 publisher = {Eurographics Association},
 address = {Aire-la-Ville, Switzerland, Switzerland},
} 

@inproceedings{surazhsky2001morphing,
  title={Morphing stick figures using optimized compatible triangulations},
  author={Surazhsky, Vitaly and Gotsman, Craig},
  booktitle={Computer Graphics and Applications, 2001. Proceedings. Ninth Pacific Conference on},
  pages={40--49},
  year={2001},
  organization={IEEE}
}

@misc{libigl,
  title = {{libigl}: A simple {C++} geometry processing library},
  author = {Alec Jacobson and Daniele Panozzo and others},
  note = {http://igl.ethz.ch/projects/libigl/},
  year = {2014},
}

@Article{Dougherty2004,
author="Dougherty, Randall
and Faber, Vance
and Murphy, Michael",
title="Unflippable Tetrahedral Complexes",
journal="Discrete {\&} Computational Geometry",
year="2004",
month="Sep",
day="01",
volume="32",
number="3",
pages="309--315",
issn="1432-0444",
doi="10.1007/s00454-004-1097-3",
url="https://doi.org/10.1007/s00454-004-1097-3"
}
