@article{Babuska1981,
 ISSN = {00361429},
 URL = {http://www.jstor.org/stable/2156869},
 author = {I. Babuska and B. A. Szabo and I. N. Katz},
 journal = {SIAM Journal on Numerical Analysis},
 number = {3},
 pages = {515--545},
 publisher = {Society for Industrial and Applied Mathematics},
 title = {The p-Version of the Finite Element Method},
 volume = {18},
 year = {1981}
}
@article{Babuska1988,
 ISSN = {00361429},
 URL = {http://www.jstor.org/stable/2157607},
 abstract = {This paper analyzes the convergence of the h-p version of the finite element method for elliptic problems on curved domains. It proves that when the boundary of the domain is piecewise analytic, boundary conditions are piecewise analytic, and the sides of the elements are analytic, the h-p version has an exponential rate of convergence. Numerical computations are included. The paper generalizes the results previously obtained by the authors [The h-p version of finite element method, Part 1: The basic approximation results, Comp. Mech., 1 (1986), pp. 21-41], [The h-p version of finite element method, Part 2: General results and applications, Comp. Mech., 1 (1986), pp. 203-220].},
 author = {I. Babuska and B. Q. Guo},
 journal = {SIAM Journal on Numerical Analysis},
 number = {4},
 pages = {837--861},
 publisher = {Society for Industrial and Applied Mathematics},
 title = {The h-p Version of the Finite Element Method for Domains with Curved Boundaries},
 volume = {25},
 year = {1988}
}
@article{BABUSKA1992159,
title = "The h, p and h-p version of the finite element method; basis theory and applications",
journal = "Advances in Engineering Software",
volume = "15",
number = "3",
pages = "159 - 174",
year = "1992",
issn = "0965-9978",
doi = "https://doi.org/10.1016/0965-9978(92)90097-Y",
url = "http://www.sciencedirect.com/science/article/pii/096599789290097Y",
author = "I. Babuška and B.Q. Guo",
keywords = "finite element method, the -version of FEM, the - version of FEM, adaptive finite element method"
}
@article{ODEN1994309,
title = "Optimal h-p finite element methods",
journal = "Computer Methods in Applied Mechanics and Engineering",
volume = "112",
number = "1",
pages = "309 - 331",
year = "1994",
issn = "0045-7825",
doi = "https://doi.org/10.1016/0045-7825(94)90032-9",
url = "http://www.sciencedirect.com/science/article/pii/0045782594900329",
author = "J.Tinsley Oden"
}
@article{BASSI1997251,
title = "High-Order Accurate Discontinuous Finite Element Solution of the 2D Euler Equations",
journal = "Journal of Computational Physics",
volume = "138",
number = "2",
pages = "251 - 285",
year = "1997",
issn = "0021-9991",
doi = "https://doi.org/10.1006/jcph.1997.5454",
url = "http://www.sciencedirect.com/science/article/pii/S0021999197954541",
author = "F. Bassi and S. Rebay"
}


@InProceedings{Shephard1995,
author="Shephard, Mark S.
and Dey, Saikat
and Georges, Marcel K.",
editor="Babuska, Ivo
and Henshaw, William D.
and Oliger, Joseph E.
and Flaherty, Joseph E.
and Hopcroft, John E.
and Tezduyar, Tayfun",
title="Automatic Meshing of Curved Three---Dimensional Domains: Curving Finite Elements and Curvature-Based Mesh Control",
booktitle="Modeling, Mesh Generation, and Adaptive Numerical Methods for Partial Differential Equations",
year="1995",
publisher="Springer New York",
address="New York, NY",
pages="67--96"
}

@article{luo2001influence,
  title={The influence of geometric approximation on the accuracy of high order methods},
  author={Luo, Xiaojuan and Shephard, Mark S and Remacle, Jean-Francois},
  journal={Rensselaer SCOREC report},
  volume={1},
  year={2001}
}
@article{sherwin2002mesh,
  title={Mesh generation in curvilinear domains using high-order elements},
  author={Sherwin, SJ and Peir{\'o}, J},
  journal={International Journal for Numerical Methods in Engineering},
  volume={53},
  number={1},
  pages={207--223},
  year={2002},
  publisher={Wiley Online Library}
}
@inproceedings{Luo2002pVersionMG,
  title={p-Version Mesh Generation Issues},
  author={Xiaojuan Luo and Mark S. Shephard and Jean-François Remacle and Robert M. O'Bara and Mark W. Beall and Barna A. Szab{\'o} and Ricardo Actis},
  booktitle={IMR},
  year={2002}
}
@inproceedings{beall2003accessing,
  title={Accessing CAD Geometry for Mesh Generation},
  author={Beall, Mark W and Walsh, Joe and Shephard, Mark S},
  booktitle={Proceedings of the 12th International Meshing Roundtable},
  pages={33--42},
  year={2003}
}
@inproceedings{Cardoze2004,
 author = {Cardoze, David and Cunha, Alexandre and Miller, Gary L. and Phillips, Todd and Walkington, Noel},
 title = {A B{\'e}zier-based Approach to Unstructured Moving Meshes},
 booktitle = {Proceedings of the Twentieth Annual Symposium on Computational Geometry},
 series = {SCG '04},
 year = {2004},
 isbn = {1-58113-885-7},
 location = {Brooklyn, New York, USA},
 pages = {310--319},
 numpages = {10},
 url = {http://doi.acm.org/10.1145/997817.997864},
 doi = {10.1145/997817.997864},
 acmid = {997864},
 publisher = {ACM},
 address = {New York, NY, USA},
 keywords = {B{\'e}zier triangles, B-splines, computational geometry, finite element method, mesh generation, moving meshes},
} 
@article{SHEPHARD2005251,
title = "Adaptive mesh generation for curved domains",
journal = "Applied Numerical Mathematics",
volume = "52",
number = "2",
pages = "251 - 271",
year = "2005",
note = "ADAPT '03: Conference on Adaptive Methods for Partial Differential Equations and Large-Scale Computation",
issn = "0168-9274",
doi = "https://doi.org/10.1016/j.apnum.2004.08.040",
url = "http://www.sciencedirect.com/science/article/pii/S0168927404001709",
author = "Mark S. Shephard and Joseph E. Flaherty and Kenneth E. Jansen and Xiangrong Li and Xiaojuan Luo and Nicolas Chevaugeon and Jean-François Remacle and Mark W. Beall and Robert M. O'Bara",
keywords = "Adaptive meshes, Anisotropic meshes, Curved meshes"
}
@Article{Peir2008,
author="Peir{\'o}, Joaquim
and Sherwin, Spencer J.
and Giordana, Sergio",
title="Automatic reconstruction of a patient-specific high-order surface representation and its application to mesh generation for CFD calculations",
journal="Medical {\&} Biological Engineering {\&} Computing",
year="2008",
month="Nov",
day="01",
volume="46",
number="11",
pages="1069--1083",
issn="1741-0444",
doi="10.1007/s11517-008-0390-3",
url="https://doi.org/10.1007/s11517-008-0390-3"
}

@inproceedings{Persson2009,
 author = {Per-Olof Persson and Jaime Peraire},
 title = {Curved Mesh Generation and Mesh Refinement using Lagrangian Solid Mechanics},
 booktitle = {47th AIAA Aerospace Sciences Meeting including The New Horizons Forum and Aerospace Exposition},
 year = {2009},
 url = {https://arc.aiaa.org/doi/10.2514/6.2016-3178}
 }
 @article{Luo2009ConstructionON,
  title={Construction of near optimal meshes for 3D curved domains with thin sections and singularities for p-version method},
  author={Xiaojuan Luo and Mark S. Shephard and Luzhong Yin and Robert M. O'Bara and Rocco Nastasia and Mark W. Beall},
  journal={Engineering with Computers},
  year={2009},
  volume={26},
  pages={215-229}
}
 @article{MEZGER2009680,
title = "Interactive physically-based shape editing",
journal = "Computer Aided Geometric Design",
volume = "26",
number = "6",
pages = "680 - 694",
year = "2009",
note = "Solid and Physical Modeling 2008",
issn = "0167-8396",
doi = "https://doi.org/10.1016/j.cagd.2008.09.009",
url = "http://www.sciencedirect.com/science/article/pii/S0167839608000952",
author = "Johannes Mezger and Bernhard Thomaszewski and Simon Pabst and Wolfgang Stra\'{ss}er",
keywords = "Mesh deformation, Quadratic finite elements, Plasticity"
}
@techreport{abgrall2012,
  TITLE = {{A method for computing curved 2D and 3D meshes via the linear elasticity analogy: preliminary results}},
  AUTHOR = {Abgrall, Remi and Dobrzynski, C\'{e}cile and Froehly, Algiane},
  URL = {https://hal.inria.fr/hal-00728850},
  TYPE = {Research Report},
  NUMBER = {RR-8061},
  PAGES = {15},
  INSTITUTION = {{INRIA}},
  YEAR = {2012},
  MONTH = Sep,
  KEYWORDS = {Curved mesh generation ; curve triangles ; curved tetraherons},
  PDF = {https://hal.inria.fr/hal-00728850/file/RR-8061.pdf},
  HAL_ID = {hal-00728850},
  HAL_VERSION = {v2},
}
@article{George2012,
author = {George, P.L. and Borouchaki, H.},
title = {Construction of tetrahedral meshes of degree two},
journal = {International Journal for Numerical Methods in Engineering},
volume = {90},
number = {9},
pages = {1156-1182},
year={2012}
}
@InProceedings{Roca2012,
author="Roca, Xevi
and Gargallo-Peir{\'o}, Abel
and Sarrate, Josep",
editor="Quadros, William Roshan",
title="Defining Quality Measures for High-Order Planar Triangles and Curved Mesh Generation",
booktitle="Proceedings of the 20th International Meshing Roundtable",
year="2012",
publisher="Springer Berlin Heidelberg",
address="Berlin, Heidelberg",
pages="365--383",
isbn="978-3-642-24734-7"
}

@InProceedings{Qiukai2013,
author="Lu, Qiukai
and Shephard, Mark S.
and Tendulkar, Saurabh
and Beall, Mark W.",
editor="Jiao, Xiangmin
and Weill, Jean-Christophe",
title="Parallel Curved Mesh Adaptation for Large Scale High-Order Finite Element Simulations",
booktitle="Proceedings of the 21st International Meshing Roundtable",
year="2013",
publisher="Springer Berlin Heidelberg",
address="Berlin, Heidelberg",
pages="419--436",
isbn="978-3-642-33573-0"
}
@Article{Xie2013,
author="Xie, Zhong Q.
and Sevilla, Ruben
and Hassan, Oubay
and Morgan, Kenneth",
title="The generation of arbitrary order curved meshes for 3D finite element analysis",
journal="Computational Mechanics",
year="2013",
month="Mar",
day="01",
volume="51",
number="3",
pages="361--374",
issn="1432-0924",
doi="10.1007/s00466-012-0736-4",
url="https://doi.org/10.1007/s00466-012-0736-4"
}
@article{JOHNEN2013359,
title = "Geometrical validity of curvilinear finite elements",
journal = "Journal of Computational Physics",
volume = "233",
pages = "359 - 372",
year = "2013",
issn = "0021-9991",
doi = "https://doi.org/10.1016/j.jcp.2012.08.051",
url = "http://www.sciencedirect.com/science/article/pii/S0021999112005219",
author = "Amaury Johnen and Jean François Remacle and Christophe A. Geuzaine",
}
@inproceedings{Suwelack2013,
 author = {Suwelack, Stefan and Lukarski, Dimitar and Heuveline, Vincent and Dillmann, R\"{u}diger and Speidel, Stefanie},
 title = {Accurate Surface Embedding for Higher Order Finite Elements},
 booktitle = {Proceedings of the 12th ACM SIGGRAPH/Eurographics Symposium on Computer Animation},
 series = {SCA'13},
 year = {2013},
 isbn = {978-1-4503-2132-7},
 location = {Anaheim, California},
 pages = {187--192},
 numpages = {6},
 url = {http://doi.acm.org/10.1145/2485895.2485914},
 doi = {10.1145/2485895.2485914},
 acmid = {2485914},
 publisher = {ACM},
 address = {New York, NY, USA},
 keywords = {deformable models, higher order FE},
} 
@inproceedings{gargallo2013high,
  title={High-order mesh generation on CAD geometries},
  author={Gargallo Peir{\'o}, Abel and Roca Navarro, Francisco Javier and Peraire Guitart, Jaume and Sarrate Ramos, Josep},
  booktitle={Adaptive Modeling and Simulation 2013},
  pages={301--312},
  year={2013},
  organization={Centre Internacional de M{\`e}todes Num{\`e}rics en Enginyeria (CIMNE)}
}
@article{TOULORGE20138,
title = "Robust untangling of curvilinear meshes",
journal = "Journal of Computational Physics",
volume = "254",
pages = "8 - 26",
year = "2013",
issn = "0021-9991",
doi = "https://doi.org/10.1016/j.jcp.2013.07.022",
url = "http://www.sciencedirect.com/science/article/pii/S0021999113004956",
author = "Thomas Toulorge and Christophe Geuzaine and Jean-François Remacle and Jonathan Lambrechts",
keywords = "High-order methods, Finite elements, Mesh generation"
}
@article{Abgrall2014,
author = {Abgrall, R. and Dobrzynski, C. and Froehly, A.},
title = {A method for computing curved meshes via the linear elasticity analogy, application to fluid dynamics problems},
journal = {International Journal for Numerical Methods in Fluids},
volume = {76},
number = {4},
pages = {246-266},
year = 2014,
}
@InProceedings{Gargallo2014,
author="Peir{\'o}, Abel Gargallo
and Roca, Xevi
and Peraire, Jaime
and Sarrate, Josep",
editor="Sarrate, Josep
and Staten, Matthew",
title="Defining Quality Measures for Validation and Generation of High-Order Tetrahedral Meshes",
booktitle="Proceedings of the 22nd International Meshing Roundtable",
year="2014",
publisher="Springer International Publishing",
address="Cham",
pages="109--126",
isbn="978-3-319-02335-9"
}
@article{MOXEY2015636,
title = "An isoparametric approach to high-order curvilinear boundary-layer meshing",
journal = "Computer Methods in Applied Mechanics and Engineering",
volume = "283",
pages = "636 - 650",
year = "2015",
issn = "0045-7825",
doi = "https://doi.org/10.1016/j.cma.2014.09.019",
url = "http://www.sciencedirect.com/science/article/pii/S004578251400334X",
author = "D. Moxey and M.D. Green and S.J. Sherwin and J. Peir\'{o}",
keywords = "High-order mesh generation, Boundary-layer meshes, Isoparametric elements"
}
@article{MOXEY2016130,
title = "High-order curvilinear meshing using a thermo-elastic analogy",
journal = "Computer-Aided Design",
volume = "72",
pages = "130 - 139",
year = "2016",
note = "23rd International Meshing Roundtable Special Issue: Advances in Mesh Generation",
issn = "0010-4485",
doi = "https://doi.org/10.1016/j.cad.2015.09.007",
url = "http://www.sciencedirect.com/science/article/pii/S0010448515001530",
author = "D. Moxey and D. Ekelschot and Ü. Keskin and S.J. Sherwin and J. Peiró",
keywords = "High-order curvilinear mesh generation, Elastic mesh deformation, Pseudo-thermal stresses, Mesh validity, Mesh quality control"
}
@article{Gargallo2015,
author = {Gargallo-Peir\'{o}, A. and Roca, X. and Peraire, J. and Sarrate, J.},
title = {Optimization of a regularized distortion measure to generate curved high-order unstructured tetrahedral meshes},
journal = {International Journal for Numerical Methods in Engineering},
volume = {103},
year ={2015},
number = {5},
pages = {342-363},
keywords = {unstructured high-order methods, mesh generation, CAD, mesh optimization, mesh quality, curved meshing},
doi = {10.1002/nme.4888},
url = {https://onlinelibrary.wiley.com/doi/abs/10.1002/nme.4888},
eprint = {https://onlinelibrary.wiley.com/doi/pdf/10.1002/nme.4888}
}
@Inbook{Geuzaine2015,
author=" Christophe Geuzaine and Amaury Johnen and Jonathan Lambrechts and Jean-Fran\c{c}ois Remacle and Thomas Toulorge",
editor="Kroll, Norbert
and Hirsch, Charles
and Bassi, Francesco
and Johnston, Craig
and Hillewaert, Koen",
title="The Generation of Valid Curvilinear Meshes",
bookTitle="IDIHOM: Industrialization of High-Order Methods - A Top-Down Approach: Results of a Collaborative Research Project Funded by the European Union, 2010 - 2014",
year="2015",
publisher="Springer International Publishing",
address="Cham",
pages="15--39",
isbn="978-3-319-12886-3",
doi="10.1007/978-3-319-12886-3_2",
url="https://doi.org/10.1007/978-3-319-12886-3_2"
}
@article{TURNER2016340,
title = "A Variational Framework for High-order Mesh Generation",
journal = "Procedia Engineering",
volume = "163",
pages = "340 - 352",
year = "2016",
note = "25th International Meshing Roundtable",
issn = "1877-7058",
doi = "https://doi.org/10.1016/j.proeng.2016.11.069",
url = "http://www.sciencedirect.com/science/article/pii/S1877705816333781",
author = "Michael Turner and Joaquim Peir\'{o} and David Moxey",
keywords = "high-order mesh generation, variational mesh generation, energy functional, numerical optimization"
}
@article{TOULORGE2016361,
title = "Optimizing the geometrical accuracy of curvilinear meshes",
journal = "Journal of Computational Physics",
volume = "310",
pages = "361 - 380",
year = "2016",
issn = "0021-9991",
doi = "https://doi.org/10.1016/j.jcp.2016.01.023",
url = "http://www.sciencedirect.com/science/article/pii/S0021999116000310",
author = "Thomas Toulorge and Jonathan Lambrechts and Jean-François Remacle",
keywords = "High order mesh, Geometrical accuracy, Hausdorff distance"
}
@article{RUIZGIRONES2016315,
title = "Generation of Curved High-order Meshes with Optimal Quality and Geometric Accuracy",
journal = "Procedia Engineering",
volume = "163",
pages = "315 - 327",
year = "2016",
note = "25th International Meshing Roundtable",
issn = "1877-7058",
doi = "https://doi.org/10.1016/j.proeng.2016.11.108",
url = "http://www.sciencedirect.com/science/article/pii/S1877705816334178",
author = "Eloi Ruiz-Giron\'{e}s and Josep Sarrate and Xevi Roca",
keywords = "Curved high-order mesh, non-interpolative mesh, disparity measure, geometric accuracy, distortion measure"
}
@Article{Poya2016,
author="Poya, Roman
and Sevilla, Ruben
and Gil, Antonio J.",
title="A unified approach for a posteriori high-order curved mesh generation using solid mechanics",
journal="Computational Mechanics",
year="2016",
month="Sep",
day="01",
volume="58",
number="3",
pages="457--490",
issn="1432-0924",
doi="10.1007/s00466-016-1302-2",
url="https://doi.org/10.1007/s00466-016-1302-2"
}
@article{RUIZGIRONES201652,
title = "High-order mesh curving by distortion minimization with boundary nodes free to slide on a 3D CAD representation",
journal = "Computer-Aided Design",
volume = "72",
pages = "52 - 64",
year = "2016",
note = "23rd International Meshing Roundtable Special Issue: Advances in Mesh Generation",
issn = "0010-4485",
doi = "https://doi.org/10.1016/j.cad.2015.06.011",
url = "http://www.sciencedirect.com/science/article/pii/S0010448515000913",
author = "Eloi Ruiz-Giron\'{e}s and Xevi Roca and Jose Sarrate",
keywords = "Curved high-order meshing, Mesh smoothing, Mesh untangling, Mesh quality, CAD interpolation, Hierarchical minimization"
}
@article{FORTUNATO20161,
title = "High-order unstructured curved mesh generation using the Winslow equations",
journal = "Journal of Computational Physics",
volume = "307",
pages = "1 - 14",
year = "2016",
issn = "0021-9991",
doi = "https://doi.org/10.1016/j.jcp.2015.11.020",
url = "http://www.sciencedirect.com/science/article/pii/S0021999115007603",
author = "Meire Fortunato and Per-Olof Persson",
keywords = "Unstructured high-order meshes, Curved mesh generation, Winslow equations"
}
@inproceedings{Steve2016,
 author = {Steve L. Karman, J T. Erwin, Ryan S. Glasby and Douglas Stefanski},
 title = {High-Order Mesh Curving Using WCN Mesh Optimization},
 booktitle = {46th AIAA Fluid Dynamics Conference, AIAA AVIATION Forum},
 year = {2016},
 url = {https://arc.aiaa.org/doi/10.2514/6.2016-3178}
 } 
 
 @misc{pointwise,
  title = {High Order Mesh Generation at Pointwise},
  howpublished = {\url{https://www.pointwise.com/theconnector/2016-Q3/High-Order-Mesh-Generation-at-Pointwise.html}},
  note = {Accessed: 2018-11-14},
  year = 2018,
  author = {Pointwise}
}
 
 @article{Ghasemi2016,
  TITLE = {Massively Parallel Curved Spectral/Finite Element Mesh Generation of Industrial CAD Geometries in Two and Three Dimensions},
  AUTHOR = {Ghasemi, Arash and Taylor, Lafayette K. and Newman, III, James C.},
  URL = {http://dx.doi.org/10.1115/FEDSM2016-7600},
  NUMBER = {50299},
  YEAR = {2016},
  journal = "Fluids Engineering Division Summer Meeting"
}
@article{ENGVALL2016378,
title = "Isogeometric triangular Bernstein–B{\'e}zier discretizations: Automatic mesh generation and geometrically exact finite element analysis",
journal = "Computer Methods in Applied Mechanics and Engineering",
volume = "304",
pages = "378 - 407",
year = "2016",
issn = "0045-7825",
doi = "https://doi.org/10.1016/j.cma.2016.02.012",
url = "http://www.sciencedirect.com/science/article/pii/S0045782516300342",
author = "Luke Engvall and John A. Evans",
keywords = "Isogeometric analysis, Mesh generation, Volume parameterization"
}
@article{RUIZGIRONES2017362,
title = "An augmented Lagrangian formulation to impose boundary conditions for distortion based mesh moving and curving",
journal = "Procedia Engineering",
volume = "203",
pages = "362 - 374",
year = "2017",
note = "26th International Meshing Roundtable, IMR26, 18-21 September 2017, Barcelona, Spain",
issn = "1877-7058",
doi = "https://doi.org/10.1016/j.proeng.2017.09.820",
url = "http://www.sciencedirect.com/science/article/pii/S1877705817343837",
author = "Eloi Ruiz-Giron\'{e}s and Abel Gargallo-Peir\'{o} and Josep Sarrate and Xevi Roca",
keywords = "Mesh morphing, mesh moving, mesh curving, smoothing, boundary displacements, augmented Lagrangian"
}
@article{ENGVALL201783,
title = "Isogeometric unstructured tetrahedral and mixed-element Bernstein–B\'{e}zier discretizations",
journal = "Computer Methods in Applied Mechanics and Engineering",
volume = "319",
pages = "83 - 123",
year = "2017",
issn = "0045-7825",
doi = "https://doi.org/10.1016/j.cma.2017.02.017",
url = "http://www.sciencedirect.com/science/article/pii/S0045782516308568",
author = "Luke Engvall and John A. Evans",
keywords = "Isogeometric analysis, Higher-order mesh generation"
}
@article{ZIEL201791,
title = "Comparison of 2D boundary curving methods with modal shape functions and a piecewise linear target mesh",
journal = "Procedia Engineering",
volume = "203",
pages = "91 - 101",
year = "2017",
note = "26th International Meshing Roundtable, IMR26, 18-21 September 2017, Barcelona, Spain",
issn = "1877-7058",
doi = "https://doi.org/10.1016/j.proeng.2017.09.791",
url = "http://www.sciencedirect.com/science/article/pii/S1877705817343497",
author = "V.S. Ziel and H. B\'{e}riot and O. Atak and G. Gabard",
keywords = "Mesh Curving, High-Order Methods, Integrated Legendre Polynomials, Lobatto Polynomials, Linear Target Mesh"
}
@article{STEES2017180,
title = "A high-order log barrier-based mesh generation and warping method",
journal = "Procedia Engineering",
volume = "203",
pages = "180 - 192",
year = "2017",
note = "26th International Meshing Roundtable, IMR26, 18-21 September 2017, Barcelona, Spain",
issn = "1877-7058",
doi = "https://doi.org/10.1016/j.proeng.2017.09.806",
url = "http://www.sciencedirect.com/science/article/pii/S1877705817343667",
author = "Mike Stees and Suzanne M. Shontz",
keywords = "high-order mesh generation, curvilinear high-order mesh, high-order mesh warping, numerical optimization"
}
@techreport{dobrzynski2017,
  TITLE = {{High order mesh untangling for complex curved geometries}},
  AUTHOR = {Dobrzynski, Cecile and El Jannoun, Ghina},
  URL = {https://hal.inria.fr/hal-01632388},
  TYPE = {Research Report},
  NUMBER = {RR-9120},
  INSTITUTION = {{INRIA Bordeaux, {\'e}quipe CARDAMOM}},
  YEAR = {2017},
  MONTH = Nov,
  KEYWORDS = { local topological optimization ;  curved mesh generation ; high order mesh ; maillage d'ordre {\'e}lev{\'e} ; g{\'e}n{\'e}ration de maillage courbe ; optimisation topologique},
  PDF = {https://hal.inria.fr/hal-01632388/file/RR-9120.pdf},
  HAL_ID = {hal-01632388},
  HAL_VERSION = {v2},
}
@Article{Luke2018,
   author           = {Luke Engvall and John A. Evans},
   title            = {Mesh Quality Metrics for Isogeometric Bernstein-B\'{e}zier Discretizations},
   journal          = {arXiv:1810.06975},
   year             = 2018
}

@article{Knupp2000,
author = {Knupp, Patrick M.},
title = {Achieving finite element mesh quality via optimization of the Jacobian matrix norm and associated quantities. Part I, A framework for surface mesh optimization},
journal = {International Journal for Numerical Methods in Engineering},
volume = {48},
number = {3},
pages = {401-420},
year = {2000}
}

@article{Knupp20002,
author = {Knupp, Patrick M.},
title = {Achieving finite element mesh quality via optimization of the Jacobian matrix norm and associated quantities. Part II, A framework for volume mesh optimization and the condition number of the Jacobian matrix},
journal = {International Journal for Numerical Methods in Engineering},
volume = {48},
number = {8},
pages = {1165-1185},
year={2002}
}
@article{bruno2003high,
  title={High order surface representation},
  author={Bruno, Oscar P and Pohlman, Matthew M},
  journal = {Topics in Computational Wave Propagation, Direct and Inverse Problems},
  year = {2003}
}